1696 2898
600 197 987 248 L'AcHE‘s.
1227 185 1230 188 ’
1377 210 1470 250 489

108 322 690 383 maremusperitissimum
722 318 816 366 esse
845 322 924 379 qui
946 312 1168 364 didi'cisset
1186 317 1323 378 seq‘ue
1341 303 1479 385 effer-

107 394 290 442 cuisset‚
332 400 374 434 et
403 391 475 433 cui
511 390 621 433 boni
638 389 689 432 in
708 389 790 432 hac
809 389 1238 448 ipsa'praeceptores
1256 385 1480 433 fuissent?
1514 435 1517 438 ,

215 458 306 503 Me.
363 457 483 502 Mihi
511 472 623 499 vero
644 456 838 501 videtur.
1455 462 1481 508 ἰ

215 526 292 571 Sa.
346 526 510 569 Nonne
546 524 683 568 etiam
708 523 837 582 prius
868 523 975 580 quid
996 529 1108 565 esset
1129 522 1176 564 id
1199 523 1325 566 cuius
1346 537 1481 582 prae-

105 602 305 651 ceptores
326 591 674 650 quaereremus?

214 660 321 703 Me„
362 659 601 717 Quomodo
620 657 684 702 ais
698 658 720 699 ‘3

218 727 291 772 So.
347 726 421 771 Sic
449 725 635 769 fortasse
657 724 796 782 magis
819 726 904 768 erit
923 725 1232 783 perspicuum:
1257 741 1350 768 non
1368 726 1483 769 mihi

107 795 295 839 videtur
318 795 372 838 db
405 793 537 837 initio
568 793 688 836 inter
716 807 797 834 nos
817 792 1077 835 convenisse
1098 793 1203 848 quid
1225 794 1407 836 tandem
1427 795 1486 837 sit

110 864 272 919 ‹le-quo
297 862 594 906 deliberemus
617 869 661 903 et
682 875 944 916 quaeramus
965 860 1063 916 quis
1087 860 1291 904 nostrfim
1312 862 1406 903 eius
1428 863 1487 904 sit

109 931 283 987 peritus
320 945 506 986 eamque
537 928 593 970 ob
625 942 803 970 causam
819 927 1187 986 praeceptoribus
1208 943 1310 970 usus
1331 928 1485 983 fuerit,

111 1006 155 1040 ct
180 998 283 1054 quis
307 1014 414 1040 non.
848 1004 851 1010 '

219 1063 304 1108 Ni.
359 1066 547 1117 Nonne,
594 1064 773 1108 Socrate
783 1095 799 1115 ‚
848 1061 903 1104 de
942 1071 1036 1105 arte
1076 1063 1212 1105 armis
1253 1063 1486 1120 pugnandi

112 1132 366 1188 quaerimus
386 1142 540 1176 utrum
565 1130 827 1174 addiscenda
847 1130 904 1172 sit
923 1129 1160 1174 iuvenibus
1174 1133 1352 1173 necne?

222 1201 293 1242 So.
352 1199 467 1243 Sane
496 1198 699 1255 quidem,
725 1198 767 1241 N
772 1197 882 1250 icia3
923 1206 968 1239 at
989 1197 1027 1240 si
1047 1197 1102 1239 de
1128 1197 1327 1240 remedio
1347 1197 1487 1239 oculis

112 1265 362 1308 adhibendo
381 1266 537 1322 aliquis
561 1273 768 1321 quaerat,
796 1274 952 1308 utrum
973 1273 1180 1321 oporteat
1200 1263 1319 1307 illini
1331 1262 1489 1318 necne,

111 1347 224 1378 num
244 1342 374 1391 putas
395 1342 494 1375 tum
515 1332 762 1377 consultari
786 1332 840 1374 de
858 1331 1082 1385 remedio,
1110 1345 1167 1373 an
1186 1330 1242 1373 de
1262 1331 1432 1375 oculis?

223 1399 307 1445 Ni.
362 1402 431 1443 De
454 1399 607 1443 oculis.
1446 1447 1449 1451 ,

225 1469 300 1512 So.
355 1468 517 1512 Nonne
544 1467 680 1510 etiam
700 1467 737 1509 si
757 1466 854 1523 quis
877 1473 1059 1523 quaerat
1078 1475 1231 1510 utrum
1255 1477 1368 1525 equo
1388 1467 1488 1511 fre-->

115 1551 223 1578 num
257 1536 314 1580 s'it
343 1534 646 1579 adhibendum
673 1549 814 1576 necne
845 1542 890 1577 et
918 1533 1120 1590 quando,
1156 1543 1255 1579 tum
1286 1536 1342 1577 de
1372 1551 1488 1594 equo

118 1603 360 1655 deliberet,
390 1618 484 1644 non
505 1602 559 1642 de
581 1600 713 1642 freno
728 1600 751 1640 2²

227 1669 312 1715 Ni.
367 1669 508 1712 Vero.

231 1738 302 1781 So.
358 1737 514 1792 Itaque
543 1750 636 1777 uno
666 1733 835 1784 verb0‚
871 1733 909 1775 si
941 1732 1040 1789 quis
1076 1732 1182 1790 quid
1217 1733 1402 1778 alicuius
1422 1738 1492 1780 rei

120 1820 251 1848 causa
285 1804 472 1862 quaerit,
504 1801 558 1843 de
586 1816 638 1843 ea
655 1800 869 1842 deliberat
890 1801 1014 1844 cuius
1034 1815 1165 1844 causa
1183 1804 1371 1859 quaerit,
1397 1820 1491 1848 non

123 1873 177 1915 de
199 1888 252 1915 eo
276 1873 391 1929 quod
413 1870 524 1912 alius
545 1870 615 1912 rei
639 1881 771 1910 causa
787 1866 980 1924 indagat.

233 1948 315 1992 Ni.
369 1948 558 1992 Necesse
592 1955 667 1989 est·

237 2029 308 2072 So.
367 2029 556 2086 Oportet
581 2025 719 2083 igitur
751 2025 884 2068 etiam
908 2025 962 2067 de
987 2026 1239 2070 consiliario
1262 2028 1414 2087 quaeri
1437 2043 1493 2071 an

126 2097 234 2140 artis
261 2095 434 2154 peritus
463 2094 521 2136 sit
552 2093 647 2135 eius
666 2092 851 2135 curandi
872 2093 997 2136 cuius
1020 2108 1149 2137 causa
1172 2095 1428 2152 quaerimus
1447 2095 1493 2138 id

126 2165 249 2222 quod
270 2163 537 2220 quaerimus.

237 2243 321 2287 Ni.
379 2241 495 2286 Sane
517 2239 715 2296 quidem:

241 2322 315 2365 So.
372 2321 534 2364 Nonne
563 2334 684 2361 nunc
718 2319 904 2364 dicimus
927 2320 982 2364 de
1002 2320 1236 2380 disciplina
1257 2335 1339 2364 nos
1359 2334 1494 2379 quae-

130 2403 234 2431 rere
255 2390 473 2433 iuvenum
491 2386 632 2428 animi
655 2388 815 2431 causa?

243 2465 324 2508 Ni.
381 2466 540 2510 Etiam-

247 2545 321 2587 So.
378 2545 454 2589 An
473 2547 610 2604 igitur
622 2546 780 2603 aliquis
800 2548 1001 2591 nostrum
1022 2549 1128 2593 artis
1148 2551 1316 2609 peritus
1328 2551 1384 2594 sit
1395 2552 1497 2592 ani-

136 2612 203 2653 mi
233 2613 416 2655 curandi
446 2623 488 2657 et
508 2614 622 2656 bene
643 2630 744 2658 eum
754 2615 901 2673 possit
924 2631 1101 2670 curare,
1129 2626 1174 2661 et
1194 2619 1372 2662 cuinam
1392 2618 1500 2660 boni

134 2679 306 2725 fuerint
322 2691 635 2742 praeceptores
648 2714 660 2735 ,
682 2682 772 2726 hoc'
792 2683 1106 2741 quaerendum.
