1734 2872
464 193 898 236 ALCIBIADES
920 183 1200 253 PRIMUS.
1424 203 1513 237 255

149 302 394 367 Belotum;
427 327 574 370 neque
605 309 735 357 esiam
769 312 824 354 dc
853 327 1071 370 equorum
1093 300 1367 380 aliorumque
1382 327 1519 389 peco-

156 397 258 427 rum
278 396 389 444 quae
409 380 469 446 in
477 381 676 441 Mesenia
697 387 939 438 pascuntur
956 374 1168 426 ubffltate.
1195 380 1273 424 sed
1289 378 1399 425 ha'e‘c
1401 381 1519 439 qui-

155 449 254 501 dem
287 442 439 492 omnia
469 448 603 490 missa
630 445 773 495 facio,
815 455 860 492 at
893 461 973 488 aur
977 462 1051 489 um
1077 437 1398 506 argentumque
1427 461 1519 491 non

155 523 220 558 est
238 515 356 574 apud
379 530 532 559 omnes
557 513 751 558 Graecos
772 522 943 557 tantum
965 516 1521 571 qnantumLacedaemone

152 586 271 637 sola3
306 583 449 625 multa
481 582 602 625 enim
630 582 721 625 iam
747 581 919 624 saecula
941 581 1192 639 ingreditur
1215 598 1268 626 eo
1290 599 1349 626 ex
1373 583 1537 643 omni-k

154 652 238 694 bus
261 647 457 702 Graecis,
488 651 659 709 saepius
685 649 818 693 etiam
836 665 895 692 ex
913 649 1128 706 barbaris,
1165 651 1392 708 egreditur
1408 666 1519 702 vero

155 733 397 776 nusquam,
434 718 509 760 sed
531 719 686 776 plane,
715 716 1088 774 quemadmodum
1110 719 1159 761 in
1181 718 1349 776 Aesopi
1372 717 1522 761 sabula

155 787 311 844 vulpes
342 786 463 828 leoni
497 786 627 838 dicit,
667 785 801 828 etiam
830 800 1123 829 nummolum
1138 783 1522 830 Lacedaemonem

154 853 497 910 ingredientium
520 853 698 911 quidem
718 853 918 915 vestigia
924 853 1031 896 illuc
1058 860 1270 897 conversa
1288 863 1522 913 apparent,

156 920 476 978 egredientium
497 930 645 964 autem
663 922 785 964 nullo
806 923 940 968 modo
962 921 1189 979 quispiam
1205 921 1378 966 viderit.
1408 938 1523 979 quo-

156 989 274 1031 chca
306 996 426 1031 certe
453 989 679 1032 sciendum
714 989 846 1032 etiam
878 1005 988 1032 auro
1015 998 1285 1046 argentoque
1304 988 1404 1032 illos
1430 1005 1524 1032 esse

157 1055 512 1112 opulentissimos
526 1054 816 1109 Graecorum,
843 1064 886 1098 et
902 1058 950 1098 in
963 1057 1069 1114 ipsis
1082 1057 1166 1100 illis
1178 1071 1354 1113 regem3
1384 1071 1441 1099 ex
1453 1056 1523 1099 his

158 1124 278 1165 enim
302 1123 490 1166 maximi
510 1132 614 1166 sunt
632 1123 801 1167 reditus
821 1133 952 1181 atque
963 1123 1147 1181 plurimi
1156 1123 1336 1181 regibus
1347 1141 1362 1178 3
1390 1139 1525 1182 prae-

155 1199 276 1232 terea
307 1205 482 1247 quoque
510 1190 659 1247 regale
694 1191 915 1233 tributum
943 1190 1061 1233 haud
1083 1192 1300 1249 exiguum
1321 1198 1386 1233 est
1407 1192 1526 1248 quod

153 1256 357 1313 pendunt
389 1256 729 1300 Lacedaemonii
760 1258 955 1314 regibus.
996 1274 1046 1300 ac
1063 1259 1525 1302 Lacedaemoniorum

155 1324 334 1380 quidem
363 1338 470 1381 opes
499 1324 555 1366 ad
575 1323 767 1367 Graecas
805 1324 981 1366 divitias
1004 1340 1215 1382 magnae,
1250 1328 1303 1384 ad
1326 1326 1524 1369 Persicas

154 1407 263 1434 vero
279 1391 550 1447 illorumque
576 1390 693 1448 regis
707 1390 822 1433 nihil
836 1399 950 1434 sunt.
981 1391 1144 1434 etenim
1157 1393 1308 1436 audivi
1320 1393 1526 1451 aliquan-

107 1510 112 1515 ·
156 1459 210 1501 do
231 1473 290 1502 ex
312 1459 414 1502 viro
432 1458 521 1501 fide
541 1458 687 1515 digno,
711 1473 802 1500 uno
824 1473 882 1501 ex
902 1459 958 1500 iis
981 1458 1056 1516 qui
1082 1458 1135 1502 ad
1157 1475 1309 1518 regem
1329 1460 1525 1518 profecti
1587 1459 1590 1461 ’

157 1535 281 1568 erant
295 1558 307 1579 ‚
337 1541 475 1583 quum
499 1525 670 1570 diceret
690 1541 735 1568 se
755 1524 985 1583 regionem
1005 1541 1261 1586 peragrasse
1282 1529 1524 1572 admodum

154 1608 360 1652 magnam
384 1608 433 1636 ac
452 1594 632 1646 bonam,
648 1608 790 1652 paene
811 1594 942 1636 unius
963 1593 1053 1637 diei
1071 1595 1173 1649 iter,
1201 1611 1334 1654 quam
1346 1597 1524 1654 indige-

156 1677 239 1704 nae
278 1661 554 1720 appellarent
588 1661 815 1718 cingulum
844 1661 962 1718 regis
993 1663 1176 1715 11110113,-
1221 1679 1314 1708 esse
1345 1680 1524 1722 quoque

157 1729 289 1773 aliam
318 1744 452 1787 quam
484 1729 771 1772 nominarent
802 1730 1014 1787 peplum,
1066 1739 1109 1773 et
1142 1731 1228 1773 alia
1260 1732 1401 1775 multa
1428 1733 1526 1774 loca

157 1796 346 1854 pulchra
378 1804 423 1839 et
448 1795 564 1838 bona
595 1796 650 1837 ad
681 1803 889 1839 ornatum
926 1797 1060 1841 electa
1078 1799 1256 1852 uxoris,
1295 1807 1338 1842 et
1357 1812 1525 1843 nomen

158 1854 323 1905 habere
356 1877 578 1920 quemque
604 1864 752 1906 locum
777 1879 801 1905 a
821 1879 996 1921 quoque
1015 1874 1190 1909 ornatu.
1225 1867 1432 1923 quocirca
1450 1883 1526 1909 ar—

159 1929 304 1971 bitror
334 1945 441 1986 ego»,
481 1931 515 1972 si
542 1931 638 1986 quis
657 1931 820 1974 diceret
842 1933 959 1988 regis
981 1933 1114 1975 matri
1138 1940 1182 1974 et
1197 1933 1367 1976 Xerxis
1387 1935 1525 1976 uxori

161 1996 431 2038 Amestridi:
482 1997 655 2053 Cogitat
686 1997 780 2039 filio
809 2006 889 2039 tuo
920 2013 1013 2040 sese
1043 1998 1274 2056 opponere
1299 2001 1524 2044 Dinoma-

160 2062 263 2108 ches
293 2063 437 2115 filius,
472 2078 582 2120 quae
603 2071 810 2105 ornatum
839 2063 972 2106 habet
996 2064 1184 2108 sortasse
1207 2067 1526 2124 quinquaginta

160 2145 390 2174 summum
419 2130 671 2180 minarum,
708 2138 751 2172 et
782 2130 906 2171 cuius
938 2129 1108 2180 filione
1127 2142 1324 2176 trecenta
1345 2135 1526 2190 quidem

159 2198 255 2254 agri
285 2197 440 2254 iugera
467 2205 569 2239 sunt
601 2196 650 2239 in
673 2196 838 2238 Erchia
866 2211 1005 2254 pag0‚
1045 2197 1362 2243 admiraturam
1383 2201 1526 2259 ipsam

162 2279 256 2306 esse
277 2280 365 2320 quo
384 2266 563 2307 tandem
583 2264 726 2307 fretus
746 2265 794 2306 in
816 2265 964 2306 auimo
982 2263 1165 2308 haberet
1189 2267 1526 2312 Alcibiadesille

160 2345 263 2374 cum
284 2331 545 2375 Artoxerxe
566 2341 757 2384 certare,
790 2340 833 2374 et
850 2332 1052 2389 suspicor
1071 2348 1168 2375 eam
1191 2334 1409 2379 dicturam
1431 2352 1525 2380 esse
1554 2369 1564 2374 -

159 2398 291 2442 Nulla
321 2399 407 2441 alia
435 2414 486 2441 re
515 2400 653 2443 fretus
686 2400 755 2443 vir
774 2399 849 2452 ille
871 2399 914 2441 id
938 2401 1192 2457 aggreditur
1213 2403 1297 2446 uisi
1315 2403 1459 2446 studio
1483 2415 1526 2448 et

130 2471 133 2475 ⁴
164 2465 400 2521 sapientia3
441 2467 548 2509 haec
580 2468 700 2509 enim
736 2468 824 2509 sola
845 2476 947 2510 sunt
969 2467 1158 2522 iusignia
1179 2471 1291 2526 apud
1316 2470 1522 2515 Graecos.

162 2547 266 2574 nam
291 2533 328 2574 si
349 2535 522 2578 audiret
541 2535 711 2578 huncce
730 2534 1003 2577 Alcibiadem
1024 2536 1222 2593 primum
1242 2539 1438 2581 nondum
1456 2540 1525 2581 vi-

163 2600 284 2655 ginta
315 2602 446 2656 plane
473 2616 608 2644 annos
641 2610 813 2652 natum,
857 2602 1016 2644 deinde
1047 2604 1308 2648 eruditionis
1342 2622 1524 2663 prorsus

165 2675 396 2722 expertem
426 2683 543 2723 esse,
579 2679 834 2728 praeterea,
877 2671 1073 2713 amatore
1106 2683 1317 2716 monente
1346 2683 1393 2715 ut
1423 2683 1523 2714 :nite
