1734 2872
265 140 270 145 -
313 118 738 185 ALCIBIADES
769 115 1149 168 SECUNDUS.
1315 130 1410 170 332

44 238 222 283 offerre.
254 236 321 281 illi
341 252 450 281 vero
462 270 490 305 ,ς
510 239 680 297 quippe
708 239 785 296 qui
811 239 1079 284 muneribus
1100 254 1192 284 non
1210 253 1417 286 corrum—

43 316 233 366 pantur,
259 305 508 363 despiciunt
527 305 635 364 haee
654 305 830 358 omnia,
866 316 919 350 ut
941 307 1049 353 dicit
1070 308 1178 351 deus
1202 308 1418 354 deorum..-

45 390 133 432 que
150 375 385 430 interpres.
416 373 594 416 videtur
613 373 734 416 enim
758 379 801 415 et
821 373 940 431 apud
961 375 1064 416 deos
1082 383 1123 418 et
1135 377 1255 434 apud
1268 377 1418 421 homi-

44 457 123 484 nes
149 455 251 484 sana
283 448 434 482 mente
464 438 687 498 praeditos
713 438 883 484 iustitia
913 449 956 484 et
985 442 1424 503 prudentiainsigni'

46 524 136 552 esse
162 510 210 551 in
229 507 414 551 honore.
453 507 696 565 prudentes
718 515 868 551 autem
895 515 937 550 et
955 507 1060 551 iusti
1082 510 1196 552 nulli
1218 511 1293 554 alii
1315 521 1419 556 sunt

44 576 129 619 nisi
150 577 336 618 scientes
366 573 472 632 quid
495 575 641 618 facere
665 583 709 618 et:
732 575 881 618 dicere
906 567 1144 634 debeamus
1173 592 1280 633 erga
1312 580 1418 622 deos

35 653 88 706 *et
106 643 324 687 homines.
348 643 438 688 iam
455 643 593 689 velim
615 657 674 687 ex
692 650 736 687 te
757 658 934 703 quoque
953 643 1109 688 audire
1130 644 1239 702 quid
1259 646 1313 689 de
1332 646 1419 691 hoc

3 717 5 722 ’
28 712 221 755 sentias.

153 811 229 856 Al.
286 810 403 855 Mihi
426 826 560 865 vero,
590 809 794 867 Socrate,
822 826 916 855 non
937 811 1067 858 aliter
1089 812 1270 858 videtur
1284 830 1420 872 quam

45 878 124 921 tibi
143 887 188 921 et
210 880 290 923 deo
302 897 317 934 3
340 894 487 938 neque
505 879 629 923 enim
647 880 824 924 deceret
844 896 918 924 me
943 897 968 925 a
989 880 1072 924 deo
1095 880 1343 950 dissentire.

157 979 229 1023 So.
284 981 445 1024 Nonne
465 979 710 1023 meministi
729 989 772 1024 te
793 981 961 1024 dixisse
979 995 1142 1038 magna
1160 990 1205 1025 te
1223 982 1271 1025 in
1286 982 1422 1026 dubi-

44 1047 211 1090 tatione
232 1048 402 1091 versari
422 1062 481 1090 ne
501 1047 692 1091 insciens
710 1042 948 1105 precarere
966 1050 1085 1092 mala
1097 1079 1112 1104 ,
1140 1049 1361 1093 arbitrans
1378 1060 1423 1094 to

46 1115 163 1158 bona
180 1114 392 1174 precari?

154 1214 232 1261 Al.
287 1213 404 1259 Sane
421 1213 624 1260 memini.

159 1315 231 1360 So,
287 1314 426 1361 Vides
447 1314 586 1373 igitur
605 1329 696 1358 non
719 1323 863 1361 tutum
886 1315 968 1361 tibi
992 1331 1086 1360 esse
1101 1315 1155 1360 ad
1168 1315 1300 1362 deum
1312 1333 1422 1378 proa

49 1382 183 1427 ficisci
215 1383 427 1442 precandi
447 1398 600 1435 causa,
623 1390 673 1426 ut
696 1399 753 1426 ne
767 1414 780 1437 ,
805 1385 844 1438 si
872 1386 934 1428 ita
952 1385 1142 1439 accidat,
1165 1387 1294 1430 malis
1316 1403 1423 1430 ver-

50 1451 116 1494 bis
147 1459 191 1495 te
220 1458 422 1495 utentem
451 1451 633 1494 audiens
661 1451 776 1495 nihil
805 1453 994 1512 accipiat
1021 1452 1157 1496 huius
1190 1455 1422 1509 sacrificii,

49 1519 234 1562 fortasse
260 1519 395 1563 etiam
428 1519 548 1562 aliud
571 1518 676 1576 quid
695 1519 801 1562 inde
827 1520 1012 1563 referas.
1039 1535 1089 1562 ac
1107 1520 1219 1564 mihi
1239 1524 1423 1580 quidem

49 1586 228 1630 videtur
236 1587 457 1644 optimum
469 1602 562 1630 esse
571 1586 814 1643 quiescere.
834 1588 1290 1633 Lacedaemoniorum
1301 1592 1425 1635 enim

50 1656 306 1713 precatione
347 1661 538 1713 propter
579 1654 991 1711 magnanimitatem
1019 1653 1125 1708 (hoc
1168 1659 1290 1700 enim
1316 1660 1425 1717 pul-

54 1721 327 1765 cherrimum
361 1730 425 1765 est
455 1720 688 1764 nominum
722 1737 832 1779 quae
850 1723 899 1766 in
917 1721 1222 1781 imprudentia
1242 1740 1426 1782 ponun—

52 1794 149 1839 tur)
181 1790 298 1834 haud
326 1789 518 1832 arbitror
549 1797 592 1833 te
621 1782 808 1834 usurum
837 1805 941 1832 esse.
997 1805 1176 1832 necesse
1200 1791 1340 1849 igitur
1362 1804 1426 1835 est

54 1865 314 1914 exspectare
335 1858 440 1900 dum
462 1856 557 1913 quis
583 1856 789 1903 didicerit
810 1857 1036 1916 quomodo
1057 1872 1162 1916 erga
1172 1857 1276 1902 deos
1288 1859 1426 1904 etho-

53 1924 198 1967 mines
218 1938 268 1967 se
287 1922 452 1966 habere
473 1923 640 1967 debeat.

164 2024 241 2068 Al.
299 2021 491 2082 Quando
522 2022 661 2079 igitur
691 2023 947 2069 adventabit
982 2024 1069 2068 hoc
1092 2029 1298 2083 tempus,
1338 2024 1426 2069 So-

57 2101 176 2136 crate
188 2093 210 2134 ?
243 2097 288 2133 et
306 2092 405 2148 quis
425 2105 500 2134 me
519 2089 751 2133 instituet?
779 2090 1070 2134 libentissime
1091 2092 1214 2135 enim
1226 2092 1341 2135 mihi
1353 2093 1426 2137 vi-

57 2159 166 2204 deor
185 2159 363 2203 visurus
386 2173 479 2201 esse
500 2156 620 2199 hunc
639 2156 870 2202 hominem
888 2159 988 2216 quis
1010 2159 1076 2203 sit.

167 2259 241 2304 So.
296 2258 381 2303 Hic
415 2266 481 2302 est
511 2257 585 2315 qui
616 2272 770 2300 curam
801 2258 854 2302 de
880 2246 924 2303 te
945 2258 1138 2302 adhibet.
1179 2268 1223 2303 at
1249 2258 1424 2305 videtur

58 2326 186 2379 mihi,
211 2326 585 2385 quemadmodum
608 2318 819 2368 Diomedi
841 2334 995 2369 narrat
1017 2327 1236 2370 Homerus
1249 2329 1425 2373 Miner—-

19 2416 22 2421 ·
57 2410 162 2437 vam
213 2395 511 2439 oculorum
558 2393 873 2452 caliginem
929 2394 1304 2448 discussisse,
1364 2407 1423 2440 ut

57 2461 203 2503 bene
239 2472 511 2505 nosceret
546 2470 658 2505 tam
702 2461 866 2504 deum
901 2477 1064 2519 quam
1109 2462 1318 2517 virum,
1361 2465 1422 2506 sic

57 2529 137 2571 tibi
161 2544 336 2586 quoque
355 2530 520 2573 mentis
541 2531 740 2587 primum
764 2530 903 2587 caligo
924 2544 1036 2586 quae
1055 2545 1174 2572 nunc
1195 2530 1335 2573 offusa
1360 2541 1424 2574 est

60 2595 355 2652 discutienda,
396 2606 440 2641 et
468 2606 563 2642 tum
592 2598 772 2643 demum
803 2595 1052 2641 adhibenda
1084 2611 1176 2640 esse
1209 2613 1292 2656 per
1311 2613 1424 2655 quae
