1734 2872
383 626 855 678 SOCRATES
957 624 1246 677 CRITO.

135 779 219 834 So.
274 785 397 846 Quid
428 789 521 830 tam
551 796 686 828 mane
708 784 862 839 venis,
901 783 1061 828 Cnito?
1102 798 1158 827 an
1181 795 1273 827 non
1294 785 1384 830 iam
1405 803 1507 832 ma-
1535 816 1537 818 -

135 874 194 901 ne
226 857 327 901 est?
723 887 728 895 .

250 923 324 971 Cr.
381 888 657 969 Admodum.
782 967 784 970 .

248 991 324 1032 So.
380 989 533 1046 Quam
557 989 733 1031 tandem
753 981 918 1030 mane'.>

255 1056 330 1099 Cr.
386 1057 595 1098 Primum
615 1053 880 1102 diluculum.

184 1160 198 1171 ,,
250 1123 326 1170 So.
382 1123 532 1166 Miror
560 1121 764 1177 carceris
794 1119 1023 1163 custodem
1056 1122 1099 1163 te
1128 1128 1337 1179 prompte
1365 1118 1510 1167 intro-

253 1254 329 1300 C'r.
382 1250 636 1299 Familiaris
661 1255 764 1303 „iam
787 1256 871 1296 -es't
910 1248 1048 1306 mihi,
1098 1253 1304 1306 Socrate,
1343 1240 1512 1316 quippe

139 1339 271 1382 saepe
290 1323 411 1366 hunc
433 1322 581 1365 locum
602 1319 904 1377 frequentanti
915 1337 930 1374 3
959 1329 1002 1364 et
1021 1334 1132 1365 vero
1155 1322 1289 1366 etiam
1305 1326 1512 1368 nonnihil

139 1389 393 1435 munusculi
418 1397 537 1432 a'me
558 1387 742 1446 accepit.

254 1458 328 1502 So.
385 1457 553 1500 Utrum
574 1455 708 1498 modo
729 1448 892 1497 venisti
915 1467 971 1496 an
990 1447 1194 1497 dudum?

256 1525 331 1568 C).
387 1524 502 1572 Sane
524 1538 658 1580 quam
681 1518 866 1569 dudum.

252 1593 329 1636 So.
386 1592 450 1635 At
479 1605 559 1634 cur
589 1605 680 1634 non
707 1588 859 1633 statim
883 1582 1110 1634 suscitasti
1118 1598 1222 1643 me,
1257 1591 1344 1633 sed
1354 1593 1515 1637 tacitus

142 1656 373 1704 assedisti‘?

259 1726 330 1768 Cr
385 1722 474 1768 Pro
507 1719 734 1783 iuppiter!
767 1739 850 1767 nec
882 1719 980 1782 ipse
1001 1717 1191 1777 vellem,
1220 1723 1285 1768 'mi
1315 1725 1514 1780 Socrate,

145 1803 234 1842 tam
266 1790 518 1836 insomnem
553 1792 876 1849 sollicitamque
909 1795 1087 1835 noctem
1105 1791 1518 1852 transigere..quin

147 1862 279 1914 etiam
313 1859 489 1917 pridem
521 1867 565 1902 te
593 1859 992 1921 admiror,‹quum
1023 1865 1116 1901 tam
1149 1858 1323 1915 placide
1347 1869 1390 1903 te
1411 1862 1519 1906 dor-

148 1927 358 1969 mientem
378 1926 595 1979 viderim3
625 1935 668 1969 et
688 1927 888 1968 consulte
908 1934 952 1968 te
974 1939 1063 1966 non
1075 1925 1296 1979 suscitavi,
1318 1935 1367 1970 ut
1382 1943 1519 1984 quam

151 1992 407 2047 suavissime
438 2007 552 2048 agas.
590 2007 641 2035 ac
667 2006 800 2048 saepe
820 1993 1027 2047 equidem
1048 1998 1150 2036 tum
1165 2000 1295 2033 antea
1313 2007 1398 2049 per
1419 2009 1519 2038 om-

149 2074 254 2103 nem
276 2059 411 2102 vitam
428 2063 471 2100 tc
491 2057 671 2106 beatum
685 2056 880 2099 iudicavi
889 2065 1079 2113 propter
1087 2054 1224 2101 animi
1238 2059 1517 2114 aequitatem,

150 2138 248 2172 tum
269 2135 313 2175 et
333 2124 532 2168 maxime
550 2124 598 2165 in
616 2120 701 2165 hoc
723 2124 798 2180 qui
820 2134 940 2165 nunc
961 2120 1043 2165 tibi
1065 2120 1226 2166 incidit
1245 2138 1371 2177 casu,
1399 2127 1520 2185 quod

150 2204 243 2238 tam
259 2189 397 2248 facile
412 2204 516 2233 eum
539 2199 584 2233 et
603 2190 774 2248 placide
790 2190 968 2234 toleras,

166 2313 167 2318 1
263 2261 335 2303 So.
388 2259 527 2314 Atqui
548 2253 791 2301 absurdum
814 2255 973 2310 fuerit„
999 2252 1124 2302 Crito
1139 2267 1163 2309 ,'
1188 2252 1413 2315 indigna-ri
1433 2262 1519 2304 ho-

154 2326 323 2370 minem
344 2332 484 2368 aetate
506 2334 594 2368 tam
610 2333 888 2382 provectum,
909 2321 1046 2369 siiam
1057 2323 1522 2374 ‚sibi2sitmo1-iendu1n.

273 2392 347 2438 Cr.
404 2392 550 2442 Etiam
572 2393 646 2434 alii
669 2390 715 2434 id
737 2391 913 2444 aetatis,
942 2391 1147 2442 Socrate,
1175 2390 1430 2437 huiusmodi
1447 2411 1524 2438 ca-

155 2459 426 2502 lamitatibus
458 2460 800 2516 opprimuntur,
833 2458 1091 2502 verumnil
1121 2457 1175 2500 iis
1208 2458 1368 2503 auxilii
1392 2462 1524 2506 affert

157 2535 299 2579 aetas,
333 2541 420 2584 quo
445 2527 594 2569 minus
625 2533 904 2585 praesentem
924 2523 1219 2570 calamitatem
1244 2526 1426 2571 moleste
1453 2529 1526 2573 fe-

158 2600 276 2636 rant.
1535 2589 1540 2593 ’

1160 2659 1251 2702 L2
