<?xml version="1.0" encoding="UTF-8"?>
<!DOCTYPE html PUBLIC "-//W3C//DTD XHTML 1.0 Transitional//EN"
    "http://www.w3.org/TR/xhtml1/DTD/xhtml1-transitional.dtd">
<html xmlns="http://www.w3.org/1999/xhtml" xml:lang="en" lang="en">
 <head>
  <title>
</title>
<meta http-equiv="Content-Type" content="text/html;charset=utf-8" />
  <meta name='ocr-system' content='tesseract 3.04.00' />
  <meta name='ocr-capabilities' content='ocr_page ocr_carea ocr_par ocr_line ocrx_word'/>
</head>
<body>
  <div class='ocr_page' id='page_1' title='image "./quaeexstantopera08platuoft_0387.png"; bbox 0 0 1734 2872; ppageno 0'>
   <div class='ocr_carea' id='block_1_1' title="bbox 516 172 1445 239">
    <p class='ocr_par' dir='ltr' id='par_1_1' title="bbox 516 172 1445 239">
     <span class='ocr_line' id='line_1_1' title="bbox 516 172 1445 239; baseline 0.003 -3"><span class='ocrx_word' id='word_1_1' title='bbox 516 172 1030 236; x_wconf 64' lang='lat' dir='ltr'><strong>11&#39;1vALEs.·</strong></span> <span class='ocrx_word' id='word_1_2' title='bbox 1295 201 1445 239; x_wconf 85' lang='lat'><strong>·379</strong></span> 
     </span>
    </p>
   </div>
   <div class='ocr_carea' id='block_1_2' title="bbox 67 302 1450 1113">
    <p class='ocr_par' dir='ltr' id='par_1_2' title="bbox 67 302 1450 1113">
     <span class='ocr_line' id='line_1_2' title="bbox 75 302 1447 372; baseline -0.001 -16"><span class='ocrx_word' id='word_1_3' title='bbox 75 302 284 372; x_wconf 69' lang='lat' dir='ltr'><strong>oportere</strong></span> <span class='ocrx_word' id='word_1_4' title='bbox 310 319 354 356; x_wconf 84' lang='lat' dir='ltr'><strong>et</strong></span> <span class='ocrx_word' id='word_1_5' title='bbox 383 326 527 372; x_wconf 85' lang='lat' dir='ltr'><strong>paene</strong></span> <span class='ocrx_word' id='word_1_6' title='bbox 546 319 803 363; x_wconf 70' lang='lat' dir='ltr'><strong>summum,</strong></span> <span class='ocrx_word' id='word_1_7' title='bbox 832 310 1052 367; x_wconf 34' lang='lat' dir='ltr'><strong>secundas,</strong></span> <span class='ocrx_word' id='word_1_8' title='bbox 1068 323 1126 353; x_wconf 80' lang='lat' dir='ltr'><strong>ex</strong></span> <span class='ocrx_word' id='word_1_9' title='bbox 1146 310 1355 355; x_wconf 83' lang='lat' dir='ltr'><strong>omnibus</strong></span> <span class='ocrx_word' id='word_1_10' title='bbox 1375 319 1447 356; x_wconf 86' lang='lat' dir='ltr'><strong>te-</strong></span> 
     </span>
     <span class='ocr_line' id='line_1_3' title="bbox 72 373 1448 438; baseline 0.001 -15"><span class='ocrx_word' id='word_1_11' title='bbox 72 389 275 438; x_wconf 76' lang='lat' dir='ltr'><strong>nentem,</strong></span> <span class='ocrx_word' id='word_1_12' title='bbox 324 388 368 423; x_wconf 87' lang='lat' dir='ltr'><strong>et</strong></span> <span class='ocrx_word' id='word_1_13' title='bbox 418 379 626 423; x_wconf 85' lang='lat' dir='ltr'><strong>inutilem</strong></span> <span class='ocrx_word' id='word_1_14' title='bbox 673 392 790 429; x_wconf 76' lang='lat' dir='ltr'><strong>esse.</strong></span> <span class='ocrx_word' id='word_1_15' title='bbox 827 373 1046 434; x_wconf 74' lang='lat' dir='ltr'><strong>‘quamdiu</strong></span> <span class='ocrx_word' id='word_1_16' title='bbox 1086 377 1253 422; x_wconf 82' lang='lat' dir='ltr'><strong>horum</strong></span> <span class='ocrx_word' id='word_1_17' title='bbox 1291 378 1448 438; x_wconf 79' lang='lat' dir='ltr'><strong>aliquis</strong></span> 
     </span>
     <span class='ocr_line' id='line_1_4' title="bbox 73 444 1450 505; baseline 0 -15"><span class='ocrx_word' id='word_1_18' title='bbox 73 455 239 501; x_wconf 81' lang='lat' dir='ltr'><strong>exstet,</strong></span> <span class='ocrx_word' id='word_1_19' title='bbox 265 461 322 489; x_wconf 86' lang='lat' dir='ltr'><strong>an</strong></span> <span class='ocrx_word' id='word_1_20' title='bbox 344 447 547 505; x_wconf 86' lang='lat' dir='ltr'><strong>primum</strong></span> <span class='ocrx_word' id='word_1_21' title='bbox 568 460 694 488; x_wconf 88' lang='lat' dir='ltr'><strong>suam</strong></span> <span class='ocrx_word' id='word_1_22' title='bbox 715 445 867 502; x_wconf 83' lang='lat' dir='ltr'><strong>ipsum</strong></span> <span class='ocrx_word' id='word_1_23' title='bbox 890 444 1073 487; x_wconf 87' lang='lat' dir='ltr'><strong>domum</strong></span> <span class='ocrx_word' id='word_1_24' title='bbox 1093 445 1209 488; x_wconf 85' lang='lat' dir='ltr'>nulli</span> <span class='ocrx_word' id='word_1_25' title='bbox 1238 447 1450 499; x_wconf 84' lang='lat' dir='ltr'><strong>commit-</strong></span> 
     </span>
     <span class='ocr_line' id='line_1_5' title="bbox 70 512 1448 572; baseline 0 -15"><span class='ocrx_word' id='word_1_26' title='bbox 70 523 165 558; x_wconf 82' lang='lat' dir='ltr'><strong>tere</strong></span> <span class='ocrx_word' id='word_1_27' title='bbox 186 529 290 557; x_wconf 87' lang='lat' dir='ltr'><strong>eum</strong></span> <span class='ocrx_word' id='word_1_28' title='bbox 312 523 520 572; x_wconf 81' lang='lat' dir='ltr'><strong>oportere</strong></span> <span class='ocrx_word' id='word_1_29' title='bbox 539 529 622 556; x_wconf 86' lang='lat' dir='ltr'><strong>nec</strong></span> <span class='ocrx_word' id='word_1_30' title='bbox 643 512 857 556; x_wconf 78' lang='lat' dir='ltr'><strong>secundas</strong></span> <span class='ocrx_word' id='word_1_31' title='bbox 880 512 930 555; x_wconf 84' lang='lat' dir='ltr'><strong>in</strong></span> <span class='ocrx_word' id='word_1_32' title='bbox 951 512 1035 555; x_wconf 92' lang='lat' dir='ltr'><strong>hoc</strong></span> <span class='ocrx_word' id='word_1_33' title='bbox 1054 522 1234 566; x_wconf 84' lang='lat' dir='ltr'><strong>tenere,</strong></span> <span class='ocrx_word' id='word_1_34' title='bbox 1273 514 1350 556; x_wconf 84' lang='lat' dir='ltr'><strong>sed</strong></span> <span class='ocrx_word' id='word_1_35' title='bbox 1370 515 1448 572; x_wconf 88' lang='lat' dir='ltr'><strong>ip-</strong></span> 
     </span>
     <span class='ocr_line' id='line_1_6' title="bbox 69 580 1448 638; baseline 0.001 -13"><span class='ocrx_word' id='word_1_36' title='bbox 69 597 169 625; x_wconf 86' lang='lat' dir='ltr'><strong>sum</strong></span> <span class='ocrx_word' id='word_1_37' title='bbox 204 580 418 638; x_wconf 87' lang='lat' dir='ltr'><strong>castigare</strong></span> <span class='ocrx_word' id='word_1_38' title='bbox 437 581 708 625; x_wconf 78' lang='lat' dir='ltr'><strong>iudicantem</strong></span> <span class='ocrx_word' id='word_1_39' title='bbox 732 589 879 632; x_wconf 87' lang='lat' dir='ltr'><strong>recte,</strong></span> <span class='ocrx_word' id='word_1_40' title='bbox 915 581 953 624; x_wconf 85' lang='lat' dir='ltr'><strong>si</strong></span> <span class='ocrx_word' id='word_1_41' title='bbox 978 580 1182 623; x_wconf 81' lang='lat' dir='ltr'><strong>futurum</strong></span> <span class='ocrx_word' id='word_1_42' title='bbox 1202 580 1260 624; x_wconf 89' lang='lat' dir='ltr'><strong>sit</strong></span> <span class='ocrx_word' id='word_1_43' title='bbox 1279 589 1332 624; x_wconf 88' lang='lat' dir='ltr'><strong>ut</strong></span> <span class='ocrx_word' id='word_1_44' title='bbox 1352 583 1448 626; x_wconf 86' lang='lat' dir='ltr'><strong>eius</strong></span> 
     </span>
     <span class='ocr_line' id='line_1_7' title="bbox 69 648 1448 693; baseline 0.001 -1"><span class='ocrx_word' id='word_1_45' title='bbox 69 650 227 692; x_wconf 88' lang='lat' dir='ltr'><strong>domus</strong></span> <span class='ocrx_word' id='word_1_46' title='bbox 258 649 374 692; x_wconf 87' lang='lat' dir='ltr'><strong>bene</strong></span> <span class='ocrx_word' id='word_1_47' title='bbox 415 649 781 693; x_wconf 74' lang='lat' dir='ltr'><strong>administretur?</strong></span> <span class='ocrx_word' id='word_1_48' title='bbox 823 648 1054 692; x_wconf 83' lang='lat' dir='ltr'><strong>concessit</strong></span> <span class='ocrx_word' id='word_1_49' title='bbox 1083 648 1213 692; x_wconf 86' lang='lat' dir='ltr'><strong>mihi.</strong></span> <span class='ocrx_word' id='word_1_50' title='bbox 1269 650 1448 693; x_wconf 86' lang='lat' dir='ltr'><strong>Deinde</strong></span> 
     </span>
     <span class='ocr_line' id='line_1_8' title="bbox 69 715 1448 766; baseline 0.001 -8"><span class='ocrx_word' id='word_1_51' title='bbox 69 717 165 759; x_wconf 87' lang='lat' dir='ltr'><strong>sine</strong></span> <span class='ocrx_word' id='word_1_52' title='bbox 196 717 331 759; x_wconf 88' lang='lat' dir='ltr'><strong>dubio</strong></span> <span class='ocrx_word' id='word_1_53' title='bbox 363 716 401 759; x_wconf 86' lang='lat' dir='ltr'><strong>si</strong></span> <span class='ocrx_word' id='word_1_54' title='bbox 434 717 565 760; x_wconf 80' lang='lat' dir='ltr'><strong>amici</strong></span> <span class='ocrx_word' id='word_1_55' title='bbox 593 718 636 760; x_wconf 87' lang='lat' dir='ltr'><strong>ei</strong></span> <span class='ocrx_word' id='word_1_56' title='bbox 670 717 908 760; x_wconf 85' lang='lat' dir='ltr'><strong>arbitraria</strong></span> <span class='ocrx_word' id='word_1_57' title='bbox 944 715 1250 766; x_wconf 78' lang='lat' dir='ltr'>committant,</span> <span class='ocrx_word' id='word_1_58' title='bbox 1286 717 1361 760; x_wconf 86' lang='lat' dir='ltr'><strong>vel</strong></span> <span class='ocrx_word' id='word_1_59' title='bbox 1380 719 1448 760; x_wconf 86' lang='lat' dir='ltr'><strong>ci·-</strong></span> 
     </span>
     <span class='ocr_line' id='line_1_9' title="bbox 68 782 1447 843; baseline 0 -16"><span class='ocrx_word' id='word_1_60' title='bbox 68 785 181 827; x_wconf 83' lang='lat' dir='ltr'><strong>vitas</strong></span> <span class='ocrx_word' id='word_1_61' title='bbox 201 800 305 827; x_wconf 87' lang='lat' dir='ltr'><strong>eum</strong></span> <span class='ocrx_word' id='word_1_62' title='bbox 325 784 505 827; x_wconf 83' lang='lat' dir='ltr'><strong>iusserit</strong></span> <span class='ocrx_word' id='word_1_63' title='bbox 518 784 687 842; x_wconf 81' lang='lat' dir='ltr'><strong>aliquid</strong></span> <span class='ocrx_word' id='word_1_64' title='bbox 699 785 941 827; x_wconf 82' lang='lat' dir='ltr'><strong>decernere</strong></span> <span class='ocrx_word' id='word_1_65' title='bbox 951 784 1023 827; x_wconf 85' lang='lat' dir='ltr'><strong>vel</strong></span> <span class='ocrx_word' id='word_1_66' title='bbox 1038 782 1296 836; x_wconf 86' lang='lat' dir='ltr'><strong>diiudicare,</strong></span> <span class='ocrx_word' id='word_1_67' title='bbox 1312 793 1447 843; x_wconf 85' lang='lat' dir='ltr'><strong>turpe</strong></span> 
     </span>
     <span class='ocr_line' id='line_1_10' title="bbox 68 850 1448 911; baseline 0.002 -19"><span class='ocrx_word' id='word_1_68' title='bbox 68 850 117 893; x_wconf 83' lang='lat' dir='ltr'><strong>in</strong></span> <span class='ocrx_word' id='word_1_69' title='bbox 144 851 238 902; x_wconf 89' lang='lat' dir='ltr'><strong>his,</strong></span> <span class='ocrx_word' id='word_1_70' title='bbox 277 853 444 904; x_wconf 88' lang='lat' dir='ltr'><strong>amice,</strong></span> <span class='ocrx_word' id='word_1_71' title='bbox 479 853 724 896; x_wconf 85' lang='lat' dir='ltr'><strong>secundum</strong></span> <span class='ocrx_word' id='word_1_72' title='bbox 746 852 942 911; x_wconf 83' lang='lat' dir='ltr'><strong>reperiri</strong></span> <span class='ocrx_word' id='word_1_73' title='bbox 962 851 1036 903; x_wconf 82' lang='lat' dir='ltr'><strong>vel</strong></span> <span class='ocrx_word' id='word_1_74' title='bbox 1057 852 1240 894; x_wconf 84' lang='lat' dir='ltr'><strong>tertium</strong></span> <span class='ocrx_word' id='word_1_75' title='bbox 1252 883 1265 904; x_wconf 91' lang='lat'><em>,</em></span> <span class='ocrx_word' id='word_1_76' title='bbox 1293 860 1338 895; x_wconf 87' lang='lat' dir='ltr'><strong>et</strong></span> <span class='ocrx_word' id='word_1_77' title='bbox 1357 863 1448 895; x_wconf 81' lang='lat' dir='ltr'><strong>non</strong></span> 
     </span>
     <span class='ocr_line' id='line_1_11' title="bbox 67 916 1446 978; baseline 0.003 -17"><span class='ocrx_word' id='word_1_78' title='bbox 67 919 376 978; x_wconf 80' lang='lat' dir='ltr'><strong>principatum</strong></span> <span class='ocrx_word' id='word_1_79' title='bbox 421 916 657 964; x_wconf 79' lang='lat' dir='ltr'><strong>obtinere?</strong></span> <span class='ocrx_word' id='word_1_80' title='bbox 714 921 912 966; x_wconf 86' lang='lat' dir='ltr'><strong>Videtur</strong></span> <span class='ocrx_word' id='word_1_81' title='bbox 944 919 1070 962; x_wconf 83' lang='lat' dir='ltr'><strong>mihi.</strong></span> <span class='ocrx_word' id='word_1_82' title='bbox 1127 919 1280 975; x_wconf 85' lang='lat' dir='ltr'><strong>Longe</strong></span> <span class='ocrx_word' id='word_1_83' title='bbox 1307 920 1446 977; x_wconf 87' lang='lat' dir='ltr'><strong>igitur</strong></span> 
     </span>
     <span class='ocr_line' id='line_1_12' title="bbox 69 985 1446 1047; baseline 0.001 -18"><span class='ocrx_word' id='word_1_84' title='bbox 69 986 215 1041; x_wconf 83' lang='lat' dir='ltr'><strong>abest,</strong></span> <span class='ocrx_word' id='word_1_85' title='bbox 258 988 330 1030; x_wconf 84' lang='lat' dir='ltr'><strong>vir</strong></span> <span class='ocrx_word' id='word_1_86' title='bbox 359 987 554 1045; x_wconf 82' lang='lat' dir='ltr'><strong>optime,</strong></span> <span class='ocrx_word' id='word_1_87' title='bbox 591 997 642 1031; x_wconf 88' lang='lat' dir='ltr'><strong>ut</strong></span> <span class='ocrx_word' id='word_1_88' title='bbox 669 987 980 1047; x_wconf 85' lang='lat' dir='ltr'><strong>philosophari</strong></span> <span class='ocrx_word' id='word_1_89' title='bbox 1010 986 1069 1030; x_wconf 87' lang='lat' dir='ltr'><strong>sit</strong></span> <span class='ocrx_word' id='word_1_90' title='bbox 1095 985 1343 1032; x_wconf 84' lang='lat' dir='ltr'><strong>multarum</strong></span> <span class='ocrx_word' id='word_1_91' title='bbox 1364 1004 1446 1032; x_wconf 87' lang='lat' dir='ltr'><strong>re-</strong></span> 
     </span>
     <span class='ocr_line' id='line_1_13' title="bbox 68 1054 901 1113; baseline 0.002 -18"><span class='ocrx_word' id='word_1_92' title='bbox 68 1068 175 1096; x_wconf 88' lang='lat' dir='ltr'><strong>rum</strong></span> <span class='ocrx_word' id='word_1_93' title='bbox 193 1054 389 1112; x_wconf 75' lang='lat' dir='ltr'><strong>cognitio</strong></span> <span class='ocrx_word' id='word_1_94' title='bbox 409 1054 664 1113; x_wconf 86' lang='lat' dir='ltr'><strong>artiumque</strong></span> <span class='ocrx_word' id='word_1_95' title='bbox 682 1057 901 1101; x_wconf 82' lang='lat' dir='ltr'><strong>tractatio.</strong></span> 
     </span>
    </p>
   </div>
   <div class='ocr_carea' id='block_1_3' title="bbox 0 1153 1446 1351">
    <p class='ocr_par' dir='ltr' id='par_1_3' title="bbox 0 1153 1446 1351">
     <span class='ocr_line' id='line_1_14' title="bbox 180 1153 1446 1215; baseline 0.003 -19"><span class='ocrx_word' id='word_1_96' title='bbox 180 1153 312 1210; x_wconf 87' lang='lat' dir='ltr'><strong>Quae</strong></span> <span class='ocrx_word' id='word_1_97' title='bbox 333 1170 474 1212; x_wconf 90' lang='lat' dir='ltr'><strong>quum</strong></span> <span class='ocrx_word' id='word_1_98' title='bbox 503 1156 717 1201; x_wconf 81' lang='lat' dir='ltr'><strong>dixissem</strong></span> <span class='ocrx_word' id='word_1_99' title='bbox 739 1157 915 1215; x_wconf 79' lang='lat' dir='ltr'><strong>sapiens</strong></span> <span class='ocrx_word' id='word_1_100' title='bbox 936 1153 1118 1211; x_wconf 85' lang='lat' dir='ltr'><strong>quidem</strong></span> <span class='ocrx_word' id='word_1_101' title='bbox 1136 1153 1192 1198; x_wconf 83' lang='lat' dir='ltr'><strong>iis</strong></span> <span class='ocrx_word' id='word_1_102' title='bbox 1217 1168 1330 1212; x_wconf 84' lang='lat' dir='ltr'><strong>quae</strong></span> <span class='ocrx_word' id='word_1_103' title='bbox 1343 1165 1446 1200; x_wconf 83' lang='lat' dir='ltr'><strong>ante</strong></span> 
     </span>
     <span class='ocr_line' id='line_1_15' title="bbox 67 1219 1446 1278; baseline 0.006 -17"><span class='ocrx_word' id='word_1_104' title='bbox 67 1219 243 1278; x_wconf 82' lang='lat' dir='ltr'><strong>prolata</strong></span> <span class='ocrx_word' id='word_1_105' title='bbox 262 1233 390 1267; x_wconf 85' lang='lat' dir='ltr'><strong>erant</strong></span> <span class='ocrx_word' id='word_1_106' title='bbox 412 1223 676 1267; x_wconf 85' lang='lat' dir='ltr'><strong>erubescens</strong></span> <span class='ocrx_word' id='word_1_107' title='bbox 698 1224 862 1277; x_wconf 88' lang='lat' dir='ltr'><strong>tacuit,</strong></span> <span class='ocrx_word' id='word_1_108' title='bbox 893 1222 1098 1266; x_wconf 79' lang='lat' dir='ltr'><strong>indoctus</strong></span> <span class='ocrx_word' id='word_1_109' title='bbox 1119 1237 1229 1266; x_wconf 83' lang='lat' dir='ltr'><strong>vero</strong></span> <span class='ocrx_word' id='word_1_110' title='bbox 1247 1223 1446 1272; x_wconf 84' lang='lat' dir='ltr'><strong>affirma-</strong></span> 
     </span>
     <span class='ocr_line' id='line_1_16' title="bbox 0 1287 1443 1351; baseline 0.003 -20"><span class='ocrx_word' id='word_1_111' title='bbox 0 1309 12 1351; x_wconf 43' lang='grc' dir='ltr'><strong>ἑ</strong></span> <span class='ocrx_word' id='word_1_112' title='bbox 66 1287 135 1332; x_wconf 82' lang='lat' dir='ltr'><strong>vit</strong></span> <span class='ocrx_word' id='word_1_113' title='bbox 153 1303 252 1333; x_wconf 90' lang='lat' dir='ltr'><strong>rem</strong></span> <span class='ocrx_word' id='word_1_114' title='bbox 272 1306 320 1334; x_wconf 85' lang='lat' dir='ltr'><strong>se</strong></span> <span class='ocrx_word' id='word_1_115' title='bbox 342 1291 407 1334; x_wconf 88' lang='lat' dir='ltr'><strong>sic</strong></span> <span class='ocrx_word' id='word_1_116' title='bbox 426 1289 608 1336; x_wconf 85' lang='lat' dir='ltr'><strong>habere.</strong></span> <span class='ocrx_word' id='word_1_117' title='bbox 643 1301 778 1350; x_wconf 82' lang='lat' dir='ltr'><strong>atque</strong></span> <span class='ocrx_word' id='word_1_118' title='bbox 795 1289 962 1347; x_wconf 85' lang='lat' dir='ltr'><strong>reliqui</strong></span> <span class='ocrx_word' id='word_1_119' title='bbox 985 1289 1292 1349; x_wconf 82' lang='lat' dir='ltr'><strong>probaverunt</strong></span> <span class='ocrx_word' id='word_1_120' title='bbox 1313 1290 1443 1337; x_wconf 80' lang='lat' dir='ltr'><strong>dicta.</strong></span> 
     </span>
    </p>
   </div>
  </div>
 </body>
</html>
