1734 2872
515 114 603 154 DE
643 103 865 154 Luem
912 78 1395 155 CUPImTArR‘
1531 118 1621 154 341

352 233 424 275 So.
490 230 695 288 Cogitate
735 236 890 278 autem·
936 227 1105 270 lucrari
1145 220 1323 277 aliudne
1363 226 1472 283 quid
1512 226 1621 270 dicis

228 312 379 356 >quam
403 297 615 341 arbitrari
637 310 732 338 esse
750 293 1013 338 lucrandum
1029 295 1052 338 ’ἓ

351 365 461 408 Am.
502 365 601 408 Hoc
624 363 739 406 dico.

351 433 422 476 So.
481 433 552 475 Ne
582 430 721 487 igitur
752 445 828 472 me
866 445 1028 472 cona-re
1071 430 1305 488 decipere,
1341 429 1494 473 virum
1526 432 1619 475 iam

239 506 380 542 aetate
406 507 678 557 provectum
716 504 768 539 tu
798 499 903 549 stam
939 497 1142 548 iuvenis,
1192 497 1469 554 respondens
1507 490 1621 541 sicut

239 568 376 610 modo
409 565 705 624 respondisti,
743 579 858 622 quae
894 579 977 605 nec
1005 563 1102 620 ipse
1135 579 1310 616 censeS‚
1354 564 1435 606 sed
1459 580 1637 609 revera-

241 635 337 678 dic:
368 639 480 677 nur'n'
504 643 568 678 est
597 633 795 691 agricola
821 646 1090 688 cognoscens
1118 631 1318 687 plantam
1352 646 1398 673 se
1416 632 1621 689 plantare

239 700 373 744 nihili
390 700 667 754 faciendam-,
694 715 831 758 quem
849 715 1025 749 censeas
1048 698 1259 742 arbitrari
1278 713 1338 740 ex
1362 697 1444 750 hac
1465 698 1552 743 sibi
1574 715 1622 744 se

239 769 422 813 lucrum
442 784 536 813 esse
551 768 777 813 facturum
788 767 818 811 ’ἰ

326 827 330 833 .
351 838 459 881 Am.
516 836 871 895 Haudquaquam
891 833 1059 878 hercle.

353 907 428 949 So.
486 903 611 962 Quid
643 903 784 946 vero?
821 903 974 944 virum
1004 901 1074 943 rei
1103 902 1320 955 equestris
1348 903 1546 960 peritum
1582 905 1620 946 si

242 981 478 1030 cognoscat
495 972 708 1014 alimenta
734 985 781 1011 se
808 984 923 1025 equo
946 968 1165 1026 praebere
1196 968 1327 1024 vilia,
1352 983 1464 1012 num
1483 971 1620 1027 igno-

243 1056 345 1083 rare
366 1049 499 1098 putas
522 1053 690 1096 equum
711 1052 758 1079 se
778 1035 1003 1098 perdere?

352 1110 460 1151 Am.
515 1107 807 1163 Nequaquam
830 1119 924 1160 ego.

354 1176 425 1218 So.
482 1175 604 1230 Ergo
638 1187 731 1216 non
754 1170 999 1215 arbitratur
1026 1186 1085 1215 ex
1103 1170 1173 1214 his
1202 1186 1249 1213 se
1267 1171 1447 1216 lucrum
1469 1173 1620 1217 facere

240 1242 466 1285 alimentis
486 1241 663 1285 vilibus-

331 1320 455 1362 ·Am.
512 1319 880 1376 Haudquaquam.

351 1397 423 1439 So.
480 1394 607 1452 Quid
627 1395 803 1453 porro?
830 1394 1176 1451 gubernatorem
1201 1395 1300 1437 vela
1329 1403 1374 1437 et
1394 1396 1620 1453 guberna-

241 1467 340 1522 cula
360 1464 463 1507 navi
491 1471 728 1521 parantem
754 1462 860 1505 vilia
880 1462 1091 1519 ignorare
1113 1477 1264 1504 censes
1299 1463 1619 1506 detrimentum

239 1548 287 1575 se
319 1540 606 1590 accepturum
643 1538 687 1572 et
712 1530 762 1572 in
796 1529 1055 1586 periculum
1080 1538 1327 1572 venturum
1367 1546 1462 1572 esse
1488 1547 1546 1574 ne
1576 1539 1621 1572 et

240 1601 335 1658 ipse
347 1606 502 1657 pereat
514 1607 558 1640 et
577 1612 737 1655 navem
747 1598 908 1654 perdat
920 1597 1157 1653 omniaque
1171 1611 1281 1653 quae
1293 1613 1445 1670 secum
1458 1599 1621 1641 ducat?

351 1677 460 1718 Am.
516 1673 739 1731 Equidem
765 1688 862 1727 non
879 1686 1053 1715 censeo.

353 1764 428 1807 So.
483 1762 604 1819 Ergo
623 1777 717 1804 non
742 1759 984 1803 arbitratur
1013 1775 1060 1802 se
1079 1760 1259 1805 lucrum
1278 1761 1504 1805 facturum
1528 1777 1621 1805 esse

245 1845 304 1873 ex
320 1829 630 1873 instrumentis
650 1829 826 1872 vilibus.

356 1918 461 1959 Am.
517 1917 710 1959 Minime
727 1931 854 1958 vero.

356 2004 429 2048 So.
486 2004 608 2045 Num
637 2004 884 2060 imperator
913 2018 1176 2060 cognoscens
1203 2006 1456 2048 exercitum
1488 2021 1618 2049 suum

244 2071 351 2114 vilia
371 2086 495 2112 arma
515 2085 688 2126 gerere,
715 2070 958 2113 arbitratur
978 2087 1036 2113 ex
1054 2071 1143 2114 hoe
1159 2087 1205 2115 se
1223 2074 1502 2115 lucraturum
1524 2087 1618 2116 esse

246 2146 289 2180 et
306 2138 466 2196 cogitat
487 2137 687 2179 lucrari?

356 2226 462 2269 Am.
519 2226 825 2282 Nequaquam.

356 2314 428 2356 So.
485 2313 543 2355 Et
574 2313 739 2356 tibicen
775 2313 904 2356 tibias
942 2315 1053 2357 viles
1087 2314 1254 2359 habens
1293 2317 1366 2359 vel
1394 2317 1618 2360 citharista

243 2382 390 2438 lyram
412 2380 486 2422 vel
515 2380 763 2436 sagittarius
792 2395 972 2433 arcum,
1000 2384 1072 2426 vel
1095 2385 1207 2426 alius
1237 2385 1336 2441 quis
1357 2385 1408 2427 in
1433 2386 1617 2427 univer-

245 2463 344 2490 sum
376 2447 588 2505 opificum
630 2448 995 2506 reliquorumque
1028 2450 1235 2494 virorum
1269 2452 1616 2509 intelligentium

245 2515 542 2558 instrumenta
559 2515 666 2558 vilia
679 2516 752 2558 vel
768 2525 1030 2576 apparatum
1046 2518 1417 2575 qualemcumque
1439 2520 1618 2572 habens,

247 2596 358 2624 num
384 2597 442 2625 ex
462 2582 531 2626 his
554 2583 793 2627 arbitratur
813 2599 860 2626 se
879 2584 1056 2628 lucrum
1080 2599 1173 2628 esse
1195 2584 1454 2629 facturum?
