1702 2918
737 211 1090 255 EPINOMIS.
1537 219 1596 256 1³

219 349 340 378 nuuc
358 339 465 377 sunt
488 332 761 392 disciplinis,
801 338 941 388 quae,
970 331 1014 374 *si
1033 331 1089 373 ab
1110 330 1307 390 humana
1326 336 1486 372 natura
1506 326 1603 370 dis-—

219 403 402 447 cederet
428 400 503 444 vel
532 417 628 444 nou
658 401 856 452 adesset,
895 396 1314 458 insipientissimum
1343 405 1389 441 et
1417 397 1603 455 impru-

221 469 530 515 dentissimum
551 469 748 512 efficeret
767 467 1012 514 hominum
1033 481 1186 523 genus.
1227 470 1373 525 neque
1392 464 1481 515 hoc
1498 479 1606 507 sane

220 537 402 594 difficile
425 545 492 580 est
510 546 770 596 perspectu:
798 551 888 580 una
906 536 1052 586 enim,
1093 533 1229 576 ut-ita
1249 532 1467 583 dieamus,
1493 547 1608 590 prae

219 605 406 656 ceteris,
443 620 558 662 quae
586 606 713 649 omni
743 604 924 650 mortali
951 601 1108 661 generi
1135 614 1388 647 numerum«
1407 599 1606 652 tradidit,

220 672 307 716 hoc
329 680 444 716 esset
462 673 690 720 effectura.
719 673 854 718 deum
874 687 984 716 vero
1005 670 1180 730 potius»,
1217 682 1352 726 quam
1366 669 1606 715 ‚fortunam

220 740 443 799 aliquam,
486 741 685 785 arbitror
716 742 798 785 illo
830 741 934 785 dato
963 739 1046 784 n6s
1077 752 1303 791 servasse3
1335 752 1608 794 quemwero

221 810 356 854 deum
389 809 672 863 existimem,
709 810 810 853 -dici
840 817 1046 867 oportet,
1091 806 1298 864 quamvis
1332 804 1609 850 admirabilis

218 877 279 922 sit
297 892 545 935 rursusque
565 877 897 935 quodammodo
915 887 1010 924 non
1031 874 1337 927 admirabilis3
1365 883 1448 916 cur
1471 872 1614 922 enim,

222 947 301 1003 qui
322 947 546 989 bonorum
563 946 694 990 nobis
717 955 877 991 auctor
895 954 963 990 eet
978 945 1034 990 ad
1052 958 1197 989 unum
1215 941 1440 995 omnium,
1460 940 1499 984 is
1517 955 1611 984 non

222 1013 357 1057 etiam
377 1015 475 1057 eius
492 1013 560 1056 rei
575 1029 701 1071 ¹quam
729 1015 863 1072 longe
883 1020 1176 1063 summa'est,
1221 1009 1489 1069 sapientiae,
1527 1024 1614 1053 au-

223 1091 320 1124 ctor
332 1081 660 1143 existimandus
675 1082 697 1124 ’ἶ
724 1096 968 1139 quemnam
985 1081 1127 1139 igitur
1144 1079 1246 1125 dico
1258 1079 1397 1123 deum
1407 1078 1619 1123 laudibus-

222 1164 327 1192 eum
360 1149 577 1202 efferens,
615 1163 642 1192 o
662 1149 848 1206 Megille
865 1158 910 1192 et
932 1148 1116 1193 Clinia?
1141 1150 1320 1193 caelum
1338 1147 1461 1200 fere,
1491 1148 1613 1206 quod

221 1220 354 1260 eniam
383 1215 654 1267 iustissime,
688 1215 805 1260 sicut
833 1217 1001 1275 reliqui
1020 1231 1175 1260 omues
1193 1211 1312 1259 lares
1337 1223 1384 1258 et
1409 1216 1474 1259 dii
1495 1216 1612 1260 faci-

221 1293 328 1335 unt,
378 1283 543 1329 colitur
586 1283 891 1342 precibusque
933 1283 1149 1329 adoratur
1187 1281 1439 1341 insigniter.
1490 1284 1615 1340 quod

222 1352 407 1409 quidem
439 1366 581 1408 quum
611 1351 898 1410 reliquorum
927 1353 1136 1397 omnium
1167 1353 1393 1404 bonorum
1431 1366 1614 1396 causam

220 1420 360 1464 fuisse
383 1419 516 1463 nobis
537 1434 694 1463 omnes
713 1421 1061 1476 confitebuntur,
1087 1430 1186 1465 tum
1207 1421 1344 1466 etiam
1367 1436 1612 1465 numerum

221 1490 351 1532 nobis
378 1503 488 1532 vere
526 1487 698 1531 dedisse
731 1488 923 1534 dicimus
953 1499 999 1534 et
1022 1490 1167 1534 adhuc
1190 1490 1401 1534 daturum
1420 1506 1537 1543 esse,
1573 1491 1614 1534 si

221 1557 324 1614 quis
350 1556 549 1601 voluerit
582 1558 735 1616 ipsum
766 1558 906 1613 sequi.
943 1573 1051 1603 nam
1070 1559 1107 1603 si
1130 1559 1230 1617 quis
1253 1558 1307 1601 ad
1326 1565 1498 1604 reetam
1518 1559 1613 1602 eius

221 1624 651 1683 contemplationem
670 1626 969 1684 aggrediatur,
991 1627 1088 1671 sive
1101 1627 1323 1672 mundum
1334 1627 1430 1670 sive
1443 1627 1611 1685 Olym-

220 1708 335 1751 pum
356 1693 453 1736 sive
476 1695 647 1738 caelum
669 1694 869 1752 cuipiam
887 1696 1110 1754 placuerit
1129 1695 1360 1754 apellare,
1386 1697 1613 1754 appellato

219 1762 308 1813 ita,
344 1760 482 1804 simul
504 1777 614 1805 vero
636 1762 886 1820 assequitor
906 1764 1134 1822 quomodo
1153 1779 1200 1807 se
1220 1764 1375 1823 ipsum
1394 1765 1615 1808 varietate

220 1829 499 1887 distinguens
522 1838 566 1873 et
587 1845 698 1888 quae
715 1830 766 1873 iu
787 1846 841 1874 eo
863 1841 971 1876 sunt
986 1833 1136 1876 stellas
1167 1841 1438 1876 convertens
1455 1848 1615 1876 omnes

222 1897 462 1950 circuitus,
501 1900 608 1942 anni
642 1906 852 1958 tempora
884 1909 928 1945 et
953 1901 1219 1946 alimentum
1240 1901 1451 1944 omnibus
1473 1916 1615 1959 prae-

221 1966 340 2011 beat.
364 1981 418 2026 lac
438 1966 661 2023 reliquam
685 1968 870 2025 quidem
889 1969 1173 2028 sapientiam,
1196 1978 1246 2014 ut
1269 1970 1485 2021 dicemus,
1509 1985 1616 2013 cum

224 2032 351 2074 omni
393 2048 611 2085 numero,
651 2043 696 2078 et
723 2037 899 2092 reliqua
928 2052 1105 2094 quoque
1135 2038 1255 2080 bona
1281 2036 1413 2079 nobis
1441 2037 1614 2089 tm'buit,

222 2099 308 2142 hoc
328 2113 439 2142 vero
457 2101 715 2142 maximum
737 2111 816 2154 est,
851 2105 890 2146 si
908 2105 1009 2160 quis
1027 2119 1190 2147 numer
1193 2119 1325 2147 orum
1346 2119 1538 2149 munere
1557 2105 1613 2150 ab

221 2168 323 2226 ipso
344 2176 526 2224 accepto
548 2182 730 2211 omnem
752 2180 1049 2226 persequatur
1075 2171 1332 2217 circuitum.

332 2234 596 2278 Paullulum
616 2235 760 2279 adhuc
778 2236 831 2279 ad
850 2238 1136 2295 superiorem
1149 2247 1428 2285 revertentes
1440 2241 1614 2286 oratio-

158 2316 160 2319 ’
223 2317 332 2345 nem
360 2303 655 2346 recordemur
681 2305 817 2363 plane
839 2314 962 2354 recte
986 2322 1068 2350 nos
1089 2308 1317 2366 posuisse,
1345 2309 1383 2353 si
1403 2310 1502 2367 quis
1522 2326 1613 2353 nu-

222 2385 404 2414 merum
435 2387 494 2414 ex
528 2371 728 2416 humana
759 2381 925 2417 natura
958 2376 1228 2428 exemerit‚.
1251 2393 1500 2437 numquam
1531 2394 1615 2421 nos

224 2437 322 2480 fore
347 2439 585 2498 sapientes,
606 2456 856 2499 numquam
879 2441 1002 2485 enim
1024 2443 1159 2487 huius
1178 2445 1418 2493 animantis
1435 2446 1614 2490 animus

223 2521 406 2549 omnem
425 2505 523 2550 fere
542 2509 757 2552 virtutem
777 2510 947 2568 poterit
968 2511 1187 2570 accipere,
1210 2528 1236 2556 a
1258 2530 1348 2571 quo
1369 2515 1485 2558 ratio
1507 2515 1614 2557 abe-

222 2573 309 2620 lit.
348 2574 551 2618 animans
583 2593 692 2619 vero
725 2593 818 2621 non
852 2594 1122 2655 cognoscens
1155 2581 1243 2624 duo
1278 2592 1323 2626 et
1355 2583 1444 2626 uia
1467 2598 1613 2640 neque

222 2639 373 2697 impai
403 2658 547 2699 neque
575 2660 660 2702 pai
690 2653 734 2687 et
761 2647 951 2690 omnino
973 2664 1219 2693 nummum
1238 2650 1452 2707 ignmans
1475 2652 1614 2692 nuni-

222 2723 354 2763 quam
399 2712 566 2767 poterit
592 2715 814 2758 rationem
843 2716 1031 2760 reddere
1064 2732 1224 2763 eorum
1260 2734 1373 2775 quae
1406 2719 1610 2760 sensibus

1509 2792 1519 2810 Ι
