1696 2898
611 76 657 123 1⁴¹
684 74 729 116 Y
756 73 839 121 ὃ]
872 75 942 115 8-’
1364 84 1457 122 5⁵9

97 196 158 240 cis
179 195 361 254 quidem
381 194 516 244 amici
530 201 654 245 sunt,
684 191 839 242 amicis
860 206 970 235 vero
987 189 1188 251 inimici,
1209 192 1466 249 sissamatum

96 266 291 311 amicum
323 271 414 320 est,
442 278 538 306 non
571 275 738 308 amans.
775 273 1045 317 quamquam
1073 259 1367 313 vehementer
1389 278 1470 306 re..

95 338 286 390 pugnat,
321 347 348 374 o
367 346 470 379 care
497 330 660 380 amice,
698 325 971 386 velspetiuffi
998 328 1049 370 ni
1071 327 1232 381 fallor,
1255 328 1363 372 *fieri
1380 346 1468 375 ne..

96 401 193 455 quit
212 407 275 445 ,ut
304 398 464 456 aliquis
500 397 644 441 amico
673 396 884 445 inimicus
915 402 960 441 et
987 395 1174 440 inimico
1209 399 1379 442 amicus
1399 399 1473 446 sita·

96 455 238 518 Vera}
259 466 422 523 inquit,
448 464 614 508 videris
637 463 800 516 dicere,
827 462 1020 507 Socrate.
1084 464 1176 508 Iam
1201 467 1240 509 si
1264 467 1349 509 hoc
1367 467 1473 513 fieri-

94 533 272 590 uequit,
309 545 461 577 amans
483 531 570 576 erit
595 531 788 588 amicum
811 538 972 576 amam.
1029 530 1235 577 Videtur.
1291 534 1342 577 Id
1360 551 1470 578 vero

95 601 212 655 quod
239 600 335 644 odit
362 615 519 643 rursus
547 599 632 643 erit
660 599 901 642 inimicum
922 601 962 641 ei
991 599 1111 657 quod
1140 600 1245 655 odie
1263 599 1470 646 habetur.

95 668 284 710 Necesse
306 676 386 710 est.
443 667 539 709 Iam
566 666 683 708 idem
709 665 838 708 nobis
865 665 1168 710 confitendum
1201 668 1312 719 erit,
1350 669 1471 726 quod

97 734 151 776 de
168 732 500 792 superioribuS,
528 734 705 791 saepius
728 733 924 776 amicum
951 735 1147 792 aliquem
1171 750 1266 778 esse
1285 737 1326 779 ei
1351 737 1472 793 quod

93 815 188 844 non
211 801 403 850 amicum
425 802 499 854 sit,
528 801 702 859 saepius
723 803 857 845 etiam
879 801 1082 854 inimico,
1115 803 1292 861 quando
1311 805 1472 861 aliquis

95 868 142 910 id
166 875 285 912 amet
301 869 421 926 quod
452 884 544 912 non
574 876 694 914 amet
710 870 783 912 vel
805 869 941 924 etiam
960 870 1005 912 id
1027 870 1146 927 quod
1166 869 1315 923 oderit
1336 882 1477 924 amet,·

96 934 272 994 saepius
293 949 406 982 vero
426 935 664 981 inimicum
694 952 788 980 esse
816 937 859 980 ei
884 935 1004 994 quod
1036 951 1129 981 non
1162 938 1220 981 sit
1235 938 1472 984 inimicum

97 1003 172 1046 vel
200 1001 333 1048 etiam
362 1005 534 1058 amico,
586 1005 762 1062 quando
799 1005 896 1062 quis
925 1005 1021 1048 eius
1053 1005 1292 1062 quodssnon
1325 1008 1473 1051 oderit

98 1069 252 1114 odium
274 1071 434 1116 habeat
458 1073 530 1115 vel
548 1072 681 1116 etiam
702 1072 748 1116 id
770 1075 892 1131 quod
915 1081 1036 1116 amet
1059 1073 1216 1118 oderit.
1261 1074 1471 1128 Videtur,

97 1138 259 1195 inquit.
319 1139 443 1197 Quid
462 1139 600 1197 igitur
616 1139 849 1194 faciamus,
877 1139 1078 1198 inquam,
1099 1139 1138 1183 si
1159 1156 1475 1199 nequeaman-

100 1211 165 1248 tes
192 1206 325 1250 amici
355 1215 487 1251 erunt
515 1222 660 1264 neque
688 1209 821 1252 amati
853 1221 1002 1266 neque
1020 1211 1475 1254 amantes-et-amati?

101 1285 159 1315 an
178 1282 361 1331 praeter
384 1274 494 1317 haec
513 1275 620 1318 alios
643 1289 752 1332 quos
773 1274 919 1319 adhuc
941 1277 1141 1320 dicamus
1169 1275 1334 1320 amicos
1354 1277 1486 1321 inter.

101 1356 149 1382 se
183 1338 432 1394 exsistere?
507 1340 862 1400 Haudquaquam
895 1344 1072 1397 hercle,
1126 1344 1332 1396 Socrate,
1383 1346 1475 1388 scio

103 1406 210 1464 quid
232 1405 539 1467 respondeam.
589 1406 716 1452 Num
738 1410 939 1463 fortasse,
970 1411 1179 1469 inquam,
1202 1412 1475 1466 Menexene‚

104 1475 289 1521 omnino
310 1491 403 1523 non
431 1483 554 1520 recte
583 1478 916 1534 quaesivimus?
971 1479 1100 1531 Non,
1139 1481 1191 1522 u't
1210 1481 1324 1524 mihi
1349 1481 1476 1523 vide-

102 1551 192 1596 tur,
217 1542 380 1602 inquit,
406 1542 602 1591 Socrate,
630 1542 773 1601 Lysis.
801 1541 939 1586 simul
970 1560 1080 1587 vero
1101 1546 1251 1589 dicens
1270 1547 1475 1601 erubuit3

102 1608 338 1654 videbatur
358 1611 486 1652 enim
517 1608 632 1651 mihi
658 1609 745 1651 hoc
786 1609 978 1652 verbum
1007 1611 1048 1652 ei
1077 1610 1224 1654 invito
1258 1608 1477 1656 'ex'cidisse

102 1684 344 1734 propterea
363 1675 481 1733 quod
501 1675 790 1719 vehementer
810 1674 1062 1719 attendebat
1090 1676 1146 1720 ad
1173 1678 1301 1723 dicta.
1339 1681 1476 1726 etiam

105 1758 243 1799 quum
267 1745 535 1788 auscultaret
552 1738 788 1787 manifesto
819 1752 915 1788 erat
933 1751 1136 1788 attentus.

219 1876 340 1924 Tum
377 1895 456 1937 ego
488 1878 591 1936 quia
625 1877 829 1922 volebam
851 1886 900 1923 ut
924 1879 1206 1925 Menexenus
1228 1883 1476 1939 quiesceret

107 1954 151 1989 et
177 1946 298 1990 illius
327 1947 523 1990 discendi
551 1948 792 2005 cupiditate
820 1946 1095 2000 delectabar,
1144 1965 1387 1993 conversus
1419 1951 1476 1994 ad.

104 2014 316 2071 Lysidem
344 2029 572 2058 sermones
606 2016 774 2060 contuli
805 2023 850 2057 et
878 2016 975 2058 dixi
1005 2017 1044 2058 Ο
1066 2017 1202 2075 Lysi,
1230 2032 1340 2060 vera
1359 2018 1475 2061 mihi

106 2081 282 2125 videris*
292 2081 455 2134 dicere,
486 2098 566 2125 nos
585 2084 622 2126 si
642 2091 762 2126 recte
781 2084 1200 2140 exploravissemus‚
1226 2100 1471 2142 numquam

105 2157 337 2207 tantopere
357 2158 581 2193 erraturos
603 2150 752 2193 fuisse.
784 2158 828 2192 at
850 2149 931 2192 hac
955 2150 1025 2193 via
1044 2151 1134 2194 iam
1154 2167 1211 2193 ne
1231 2168 1471 2210 pergamus

107 2217 292 2270 (etenim
321 2217 510 2260 difficilis
544 2217 760 2275 quaedam
789 2217 902 2260 mihi
932 2216 1110 2262 videtur
1138 2224 1364 2276 tamquam
1385 2221 1472 2263 iter

106 2285 428 2341 investigatio),
461 2286 510 2328 in
544 2300 676 2341 quam
700 2300 810 2328 vero
838 2285 1181 2338 declinavimus,
1217 2301 1267 2328 ea
1295 2288 1471 2331 videtur

108 2352 220 2394 mihi
242 2354 518 2410 pergendum
543 2351 648 2402 esse,
675 2353 737 2396 ita
757 2362 803 2396 ut
822 2368 918 2396 rem
932 2353 1175 2395 secundum
1196 2355 1347 2412 poetas
1358 2370 1470 2396 con-

108 2419 378 2474 sideremus3
402 2420 449 2463 hi
471 2419 591 2463 enim
615 2421 740 2463 nobis
763 2421 887 2478 quasi
929 2432 1079 2480 patres
1104 2422 1345 2480 sapientiae
1366 2431 1468 2464 sunt
