1702 2918
690 148 1044 193 ErlNoms.
1535 159 1560 199 9

146 299 150 302 ·
183 277 281 328 *14⁸3
311 267 417 318 nam
435 264 547 316 haec
566 264 812 330 respiciens
835 268 1025 328 quilibet
1043 261 1240 314 censebit
1258 270 1361 323 satis
1376 269 1565 330 longum

189 359 298 387 esse.
344 342 432 385 hoc
463 349 612 384 autem
642 339 742 382 fere
773 338 923 382 sinere
953 351 1035 380 nos
1063 335 1243 382 videtur
1271 337 1500 396 respirare
1515 340 1566 384 in

185 411 339 455 media
361 409 683 461 vitahumana;
711 416 755 450 at
775 413 977 448 senectus
991 405 1078 448 cito
1090 405 1411 464 superveniens
1429 407 1569 452 efficit

186 487 239 522 ut
250 478 398 523 nullus
408 492 623 554 umquam
637 474 748 518 velit
758 473 1047 522 reviviscere,
1061 464 1567 521 vitamasetransactam

186 555 419 606 reputans,
448 545 536 588 nisi
559 543 596 586 si
620 542 812 601 puerilis
829 542 989 600 plenus
1007 539 1066 583 sit
1085 539 1323 597 opinionis.
1353 539 1568 600 quidnam

186 630 298 657 vero
318 613 432 656 mihi
450 619 714 671 argumento
737 610 834 654 est?
864 611 949 653 hoc
971 608 1087 666 quod
1106 622 1178 650 res
1196 607 1246 650 in
1268 610 1570 666 quaestionem

131 703 138 712 =
186 697 309 725 nunc
338 689 496 725 vocata
529 679 591 723 ita
619 693 667 721 se
699 677 835 720 habet
864 687 1040 721 natura.
1073 674 1333 733 quaelimus
1345 672 1571 726 videlicet

188 751 277 806 quo
300 758 431 806 pacto
453 747 676 807 sapientes
695 745 886 789 evadere
905 743 1152 803 possimus,
1177 749 1405 800 tamquam
1423 745 1572 791 facul-

187 824 254 859 tas
277 817 496 873 quaedam
530 815 580 858 in
609 829 788 872 quoque
807 813 939 865 insit,
979 811 1090 854 haec
1111 817 1264 853 autem
1284 810 1439 869 fugam
1457 817 1572 874 petit

187 883 376 927 simulac
418 885 474 928 ad
511 883 799 942 prudentiam
829 880 1022 937 aliquam
1055 879 1240 922 accessit
1270 893 1427 924 earum
1460 895 1574 940 quae

188 961 307 995 artes
334 954 418 997 >vel
452 951 722 1011 prudentiae
749 949 825 992 vel
853 948 940 991 ah'a
967 946 1244 1001 huiusmodi,
1275 957 1572 1007 ut⁴putamus3

192 1019 457 1076 disciplinae
499 1019 819 1067 nominantur,
863 1015 1033 1074 quippe
1063 1030 1256 1073 quarum
1284 1016 1412 1060 nulla
1441 1019 1575 1077 digna

192 1086 251 1128 sit
301 1101 413 1143 quae
448 1101 521 1129 res
555 1086 773 1129 humanas
801 1090 998 1127 tractans
1026 1082 1246 1140 sapientia.
1271 1095 1576 1143 nuncupetur,

193 1169 334 1209 quum
356 1155 455 1211 ipse
478 1153 654 1196 animus
672 1151 915 1195 admodum
935 1150 1162 1194 confidens
1177 1155 1222 1192 et
1233 1163 1472 1207 augurans,
1493 1171 1576 1199 na-

139 1251 145 1257 ·
190 1228 294 1264 tura
325 1221 516 1278 quadam
549 1220 664 1262 hanc
693 1220 743 1262 in
762 1233 811 1260 se
829 1217 998 1293 inesse3
1035 1232 1255 1274 quaenam
1273 1217 1355 1272 sit,
1395 1223 1574 1276 quando

193 1298 238 1333 et
290 1284 518 1347 quomodo
555 1287 699 1346 possit
738 1284 1019 1343 comparari,
1073 1283 1330 1342 excogitare
1365 1299 1575 1346 nequeat.

193 1371 344 1400 nonne
372 1356 479 1400 huic
498 1358 631 1413 plane
651 1352 894 1412 respondet
911 1360 1065 1396 nostra
1083 1351 1138 1394 de
1159 1351 1379 1410 sapienda
1397 1357 1576 1403 dubita..

192 1425 259 1469 tio
291 1434 334 1468 et
365 1425 564 1482 quaestio
599 1422 744 1465 maior
773 1436 854 1479 spe
884 1421 961 1465 illa
981 1434 1097 1477 quae
1113 1434 1336 1476 quemque
1355 1430 1480 1469 tenet
1497 1442 1578 1469 eo-

192 1508 298 1536 rum
318 1493 395 1550 qui
420 1493 539 1548 inter
561 1506 641 1534 nos
662 1489 911 1548 prudenter
936 1496 1077 1531 semet
1103 1487 1224 1545 ipsos
1253 1488 1456 1548 aliosque
1466 1508 1576 1551 pos-

195 1569 299 1604 sunt
326 1561 588 1604 examinare
620 1557 901 1600 concorditer
934 1571 1019 1614 per
1040 1571 1196 1598 omnes
1218 1557 1443 1602 orationes
1462 1577 1576 1619 quae

196 1617 511 1686 usquequaque
547 1626 862 1669 celebrantur?
901 1623 1070 1666 haecne
1100 1624 1164 1667 ita
1182 1639 1240 1667 an
1257 1624 1389 1669 aliter
1410 1635 1576 1673 conce-

199 1695 352 1739 demus
377 1712 423 1739 se
444 1696 612 1738 habere
628 1696 650 1738 ‘2
1503 1728 1519 1733 ⁷

317 1763 384 1807 CI.
438 1763 746 1807 concedemus
766 1761 848 1804 tibi
869 1761 979 1803 haec
997 1769 1227 1817 sperantes
1251 1759 1368 1816 sore,
1397 1763 1576 1824 hospes,

198 1831 506 1890 utaliquando
533 1839 682 1874 tecum
703 1830 831 1873 nobis
855 1829 1033 1873 eveniat
1051 1833 1099 1873 ut
1121 1829 1404 1874 verissimam
1427 1832 1578 1877 dehac

199 1916 252 1944 1e
273 1900 542 1944 sententiam
561 1898 877 1957 concipiamus.
1380 1932 1386 1940 ,

310 1967 419 2011 ΑιΙι.
475 1966 687 2024 Reliquas
719 1965 858 2023 igitur
888 1980 1197 2023 quaecumque
1239 1966 1450 2011 dicuntur
1481 1967 1577 2012 dis-

203 2033 391 2091 ciplinas
402 2066 418 2086 ,
453 2049 601 2091 neque
629 2049 740 2076 vero
738 2001 1011 2091 osaPienoem
1034 2033 1238 2076 efficiunt
1253 2034 1583 2092 percipientem

204 2116 255 2146 ac
285 2108 536 2150 tenentem,
586 2101 792 2157 primum
827 2115 1162 2150 recenseamus»,
1216 2110 1268 2145 ut
1296 2100 1367 2144 his
1396 2105 1581 2147 remotis

206 2182 423 2210 conemur
450 2168 549 2211 illas
576 2167 738 2223 quibus
760 2165 1014 2223 indigemus
1034 2165 1274 2210 admovere
1294 2168 1584 2229 admotasque

205 2235 456 2294 percipere.
511 2234 579 2278 Ac
600 2234 800 2292 primum
820 2235 1003 2291 quidem
1019 2267 1032 2288 ,
1063 2234 1226 2291 quibus
1245 2236 1448 2293 primum
1470 2254 1583 2297 opus

139 2337 143 2343 .
208 2311 275 2345 est
295 2302 476 2346 mortali
494 2301 664 2359 generi,
684 2317 997 2360 cognoscamus
1022 2318 1094 2345 eas
1111 2319 1205 2346 esse
1226 2304 1409 2361 quidem
1432 2307 1585 2350 maxi-

208 2385 285 2413 me
307 2369 404 2412 fere
423 2370 693 2412 necessarias
718 2370 914 2426 vereque
934 2372 1103 2429 primas
1116 2405 1130 2422 ,
1163 2387 1267 2414 eum
1286 2388 1395 2416 vero
1415 2374 1493 2430 qui
1510 2390 1583 2417 eas

210 2438 411 2490 noverit,
457 2437 629 2480 etiamsi
650 2437 780 2481 initio
800 2439 921 2482 visus
939 2439 1080 2482 fuerit
1100 2440 1277 2497 sapiens
1298 2441 1476 2485 tandem
1499 2442 1584 2484 ali-

212 2505 314 2561 quis
344 2505 553 2562 prodire,
596 2505 785 2548 minime
813 2515 963 2550 tamen
994 2523 1113 2550 nuuc
1145 2508 1391 2565 sapientem
1419 2509 1581 2559 videri,

215 2572 310 2614 imo
331 2573 464 2615 etiam
482 2573 731 2633 vituperari
750 2573 806 2617 ob
826 2573 940 2616 hanc
961 2575 1206 2619 scientiam.
1236 2576 1583 2634 dicemusigitur

219 2654 331 2696 quae
362 2638 485 2694 siut,>
514 2648 558 2683 et
590 2656 812 2701 quemque
835 2642 1010 2697 virum,
1041 2644 1304 2701 cuicumque
1323 2643 1419 2688 fero
1441 2652 1584 2688 certa-
