1696 2898
250 871 672 921 LYSIMACHUS
718 841 1034 920 MELEslA's
1077 834 1294 918 Nicms

26 959 34 975 ι’
92 950 375 1014 LACHES,
417 953 571 1002 FILII
603 950 985 1003 LYSIMACHL
1006 948 1093 997 ET
1109 947 1463 1017 ςΜΕιΕεῑΑΕ,

568 1049 571 1052 >
609 1030 957 1111 socRsATEs.
995 1054 999 1061 -

88 1175 196 1251 Ly.
254 1180 442 1232 Vidistis
479 1187 632 1255 virum
668 1187 803 1230 armis
840 1169 1143 1263 pugnantem,
1179 1200 1207 1228 o
1243 1178 1373 1237 Nicia
1422 1193 1466 1228 et

80 1257 286 1309 ¹Laches3
327 1270 462 1312 quam
484 1270 602 1298 velo
633 1254 689 1297 ob
721 1263 899 1298 causam
930 1269 1010 1296 vos
1029 1252 1292 1296 iusserimus
1313 1251 1468 1294 nobis-

79 1339 198 1384 x‘cum
228 1330 442 1389 spectale
457 1318 538 1378 ego
567 1330 609 1364 et
631 1306 843 1390 Melesias
874 1319 975 1374 hic,
1019 1327 1127 1372 tunc
1156 1318 1338 1377 quidem
1372 1334 1468 1362 non

90 1390 284 1438 indicav'
271 1405 415 1448 lmus,
454 1382 576 1431 nunc
608 1403 716 1431 vero
750 1383 976 1453 dicemus,
1014 1387 1324 1433 existimamus
1343 1387 1469 1430 enim

0 1481 30 1509 κ,
91 1458 235 1505 libere
281 1455 336 1499 ad
373 1470 453 1509 vos
482 1456 612 1499 nobis
649 1455 886 1499 dicendum
915 1471 1024 1498 esse.
1061 1454 1229 1514 etenim
1258 1463 1364 1498 sunt
1392 1454 1471 1512 qui

40 1524 43 1527 ’
92 1526 202 1569 haec
223 1518 467 1577 derideant,
500 1533 543 1566 et
564 1523 602 1567 si
625 1523 721 1578 quis
742 1538 816 1564 eos
837 1514 1052 1575 consulat,
1073 1537 1168 1566 non
1195 1521 1344 1566 dicant
1355 1537 1470 1578 quae

93 1595 309 1643 sentiant,
336 1591 414 1633 sed
433 1589 486 1629 ad
513 1589 783 1631 consulentis
801 1588 1040 1631 arbitrium
1058 1602 1106 1630 se
1123 1589 1472 1632 accommodan-

93 1670 160 1704 tes
193 1659 279 1701 alia
309 1655 547 1715 proferant
580 1669 715 1712 quam
748 1669 862 1712 quae
882 1654 1022 1698 animi
1042 1662 1107 1697 est
1129 1654 1360 1698 sententia.
1390 1671 1470 1698 vos

95 1735 245 1769 autem
282 1723 387 1781 quia
414 1723 544 1765 existi
548 1738 720 1766 mamus
754 1730 796 1764 et
826 1721 1011 1764 idoneos
1044 1722 1100 1764 ad
1125 1721 1472 1780 intelligendum.

96 1807 190 1836 esse
209 1800 253 1835 et
271 1805 383 1847 quae
403 1790 715 1833 intellexeritis
737 1788 1003 1851 simpliciter
1028 1804 1122 1831 esse
1141 1788 1336 1832 dicturos
1355 1804 1472 1847 quae

94 1859 226 1902 nobis
254 1857 519 1908 videantur,
545 1855 724 1912 [iccirco
758 1857 810 1899 iu
836 1856 1073 1900 consilium
1100 1848 1386 1903 adhibuimus
1417 1857 1473 1901 de

97 1941 149 1968 ea
167 1940 218 1967 re
239 1923 292 1966 de
314 1939 398 1981 qua
418 1941 446 1966 v
434 1924 650 1967 obiscum
670 1940 821 1967 sumus
834 1923 1220 1967 οοηιῐηηηίοειωιί.
1245 1924 1310 1966 est
1320 1933 1472 1968 autem

94 1994 173 2037 illa
204 1991 258 2035 de
289 1988 376 2050 qua
409 1991 579 2035 iamdiu
605 1991 714 2033 haec
744 1990 1005 2048 praefamur
1033 1990 1154 2033 haec.
1206 1991 1337 2033 nobis
1368 2000 1473 2034 sunt

83 2060 183 2122 *filii
215 2058 297 2117 hi,
324 2073 440 2101 unus
469 2058 628 2112 huius,
659 2055 732 2101 avi
754 2073 920 2101 nomen
939 2056 1133 2110 habens,
1169 2058 1469 2117 Thucydides,

95 2129 208 2172 alter
240 2141 367 2171 meus
378 2143 394 2179 3
426 2127 600 2170 avitum
629 2127 777 2168 autem
810 2125 883 2168 hic·
916 2140 1095 2184 quoque
1125 2131 1291 2168 nomen
1319 2125 1468 2177 habet,

95 2195 188 2238 mei
217 2194 357 2253 patris
367 2211 383 2248 3
429 2193 675 2236 Aristidem
707 2191 827 2235 enim
861 2208 965 2236 eum
997 2193 1297 2238 nominamus.·
1340 2192 1470 2236 nobis

96 2277 208 2306 vero
231 2261 380 2304 visum
400 2269 464 2304 est
486 2260 540 2302 de
559 2260 628 2302 his
652 2268 860 2317 quantam
883 2261 1130 2305 maximam
1151 2261 1372 2320 possimus
1390 2276 1470 2304 cu-

33 2338 54 2345 *
97 2344 196 2372 ram
216 2328 428 2372 adhibere
446 2343 528 2370 nec
553 2328 700 2371 facere
720 2328 844 2385 quod'
860 2328 1092 2386 plerique,
1128 2328 1301 2372 adultos
1322 2329 1470 2371 sinere

100 2397 311 2453 quicquid
342 2396 484 2439 velint
515 2394 684 2447 facere,
710 2397 796 2439 >sed
818 2411 934 2439 nunc
955 2396 1045 2438 iam
1070 2395 1271 2454 incipere
1288 2410 1373 2454 pro
1394 2396 1470 2437 vi-

99 2464 223 2506 ribus
253 2464 309 2506 iis
330 2463 604 2521 prospicere.
644 2462 830 2506 scientes
852 2463 990 2520 igitur
1010 2463 1134 2506 vobis
1158 2472 1334 2520 quoque
1352 2463 1469 2505 filios

103 2546 196 2573 esse
225 2529 581 2574 existimavimus
610 2546 712 2582 VOS,
756 2532 793 2573 si
822 2531 898 2588 qui
930 2530 1028 2581 alii,
1069 2529 1123 2572 de
1151 2531 1207 2580 iis
1236 2531 1469 2582 meditatos

99 2613 194 2640 esse
217 2597 438 2654 quomodo
460 2597 652 2641 instituti
677 2598 866 2640 evadens
882 2597 1052 2655 possint
1070 2598 1246 2656 optimi,
1272 2598 1340 2641 sin
1356 2597 1471 2639 forte

101 2665 156 2706 ad
186 2665 267 2711 hoo
298 2666 498 2710 animum
528 2680 618 2708 non
651 2666 948 2720 attenderitis,
990 2665 1281 2709 admonemus
1311 2664 1357 2707 id
1380 2677 1469 2706 non
