1734 2872
336 211 338 215 ,
393 150 835 230 ‘Arcmmnns
869 174 1154 231 ramus-2
1359 190 1455 229 257

85 295 244 352 discat,
281 298 336 341 de
365 313 414 341 se
442 313 599 342 curam
630 297 837 342 adhibeat
865 306 913 343 et
938 306 1201 345 exerceatur
1225 309 1361 359 quam
1387 310 1458 346 eat

85 381 184 433 cum
210 381 318 424 rege
353 373 603 433 certatum,
636 379 741 408 eum
768 365 912 419 nolle,
948 366 1026 409 sed
1056 367 1212 411 dicere
1236 369 1346 412 satis·
1360 384 1456 413 esse

80 424 170 480 iam
192 448 296 476 eum
317 433 366 476 in
389 448 476 490 quo
501 448 623 476 nunc
633 430 697 476 sit
716 441 844 486 statu,
866 433 1059 476 arbitror
1081 450 1180 478 eam
1189 436 1459 497 mnaturam.

81 513 174 545 esse
203 510 336 559 atque
363 481 621 558 rogaturam
641 499 766 560 Quid
798 500 937 558 igitur
965 499 1145 544 taudem
1167 510 1232 545 est
1251 503 1323 545 cui
1345 519 1458 550 con·

76 569 176 612 fidit
194 568 579 612 adolescentulus?
608 565 764 635 quodsi
784 565 1176 627 responderemus,
1199 569 1457 628 pulchritu-

78 636 175 679 dini
203 644 247 679 et
271 636 534 694 proceiitati
566 644 609 679 et
634 636 789 693 generi
820 644 864 679 et
886 636 1143 694 opulentiae
1163 645 1207 681 et
1225 638 1363 696 ammi
1380 638 1456 682 in-

78 703 195 757 doli,
231 703 508 748 existimaret
526 719 635 757 nos,
665 695 920 756 Alcibiade,
957 703 1156 751 insanire
1173 705 1326 749 omnia
1346 721 1455 748 suo-

76 786 184 814 rum
214 771 389 829 generis
419 771 616 829 eiusdem
643 771 974 830 respicientem.
1014 781 1147 830 atque
1165 773 1298 817 etiam
1315 773 1454 817 Lam-

0 880 5 883 i
75 838 206 898 pido,
235 847 286 883 ut
304 837 522 894 arbitror,
549 824 839 898 Leotychidis
858 835 974 893 filia,
1001 835 1264 883 Archidami
1282 849 1458 885 uxoret

76 907 235 963 Agidis
257 916 413 961 mater,
436 908 514 965 qui
530 912 683 952 omncs
703 922 831 963 reges
844 907 1044 958 fuerunt,
1066 906 1323 962 mirabitur,
1343 908 1455 951 haec

77 987 254 1030 quoque
273 974 389 1016 bona
409 989 596 1021 suorum
616 974 858 1038 respiciens
871 1005 885 1026 ‚
922 973 1039 1030 quod
1060 981 1108 1015 tu
1131 973 1182 1015 in
1202 974 1352 1019 animo
1370 975 1456 1030 ha·-

77 1040 190 1083 beas
201 1055 303 1084 cum
326 1038 421 1084 filio
439 1057 518 1083 suo
539 1039 594 1106 in
607 1057 682 1083 cer
686 1047 833 1084 tamen
854 1037 1118 1082 descendere
1139 1049 1231 1085 tam
1248 1041 1457 1085 malem-

77 1108 269 1152 stitutus.
295 1098 449 1152 nonne
468 1116 578 1152 vero
590 1101 732 1166 turpe
752 1105 930 1150 ‹idetur
951 1123 1059 1161 esse,
1084 1108 1122 1150 si
1140 1107 1338 1151 hostium
1349 1119 1456 1150 mu·-

76 1174 210 1217 lieres
229 1175 391 1217 melius
414 1176 468 1217 de
489 1176 620 1218 nobis
642 1175 862 1228 iudicant,
892 1175 1043 1231 quales
1067 1179 1150 1217 nes
1177 1189 1270 1216 esse
1291 1174 1456 1217 debea-

75 1257 178 1286 mus
216 1242 340 1300 ipsos
373 1243 648 1297 aggressuri,
699 1256 833 1298 quam
866 1257 946 1283 nos
979 1241 1034 1282 de
1061 1242 1280 1284 nobismet
1309 1241 1453 1298 ipsis?

77 1322 209 1365 ergo,
251 1323 277 1350 o
298 1308 426 1361 bone,
458 1309 774 1367 obtemperans
794 1305 908 1350 mihi
927 1315 971 1349 et
990 1304 1236 1365 Delphicae
1255 1307 1454 1366 inscrip-

75 1375 188 1418 tioni
218 1390 352 1418 nosce
379 1384 424 1418 te
446 1371 632 1434 ipsum,
666 1389 806 1433 quum
837 1375 886 1417 hi
914 1376 1045 1418 nobis
1069 1376 1161 1420 sint
1189 1374 1450 1427 adversarii,

74 1457 169 1485 non
191 1457 300 1500 quos
314 1453 371 1492 ,tu
396 1444 648 1495 existimas,
686 1458 796 1499 quos
818 1443 943 1489 nulla
966 1443 1052 1486 alia
1070 1457 1122 1491 re
1140 1442 1451 1500 superabimus

75 1508 164 1552 nisi
183 1510 328 1554 studio
349 1520 392 1554 et
409 1519 516 1565 arte,
542 1512 591 1554 in
617 1510 774 1567 quibus
797 1510 837 1553 si
856 1510 1015 1563 deeris,
1041 1509 1175 1552 etiam
1202 1509 1348 1552 famae
1366 1509 1453 1552 tibi

76 1575 219 1622 deerit
237 1577 468 1621 celebritas
492 1578 610 1636 apud
636 1574 832 1621 Graecos
852 1587 895 1621 et
916 1575 1157 1631 barbaros,
1179 1590 1316 1634 quam
1334 1575 1451 1619 mihi

76 1643 242 1755 videri}
231 1654 502 1755 [appetere,
532 1656 585 1688 ut
602 1646 753 1688 nullus
775 1646 886 1688 alius
905 1644 1042 1688 aliud.

318 1712 559 1770 Quodnam
580 1713 719 1770 igitur
750 1712 974 1763 studium,
1005 1711 1210 1764 Socrate,
1246 1711 1452 1755 exerceii
1488 1754 1490 1756 .

76 1712 282 1835 οΡοιῗειῩ
308 1789 492 1839 potesne
513 1780 775 1850 explicare?
805 1780 989 1823 omnino
1011 1779 1133 1823 enim
1151 1778 1319 1822 videris
1340 1795 1370 1822 v
1372 1793 1450 1822 era

80 1845 249 1887 dicere.

190 1911 263 1954 So.
318 1910 493 1969 Etiam3
545 1925 590 1959 at
626 1930 736 1959 vero
774 1914 1071 1959 communiter
1099 1910 1450 1964 deliberandum,

79 1993 169 2035 quo
201 1988 330 2036 pacto
363 1996 495 2039 quarn
527 1983 687 2039 optimi
713 1983 930 2038 possimus
954 1982 1155 2024 ev'adere.
1186 1977 1267 2036 ego
1288 1979 1451 2022 videli-

78 2054 147 2088 cet
166 2061 257 2089 non
279 2047 458 2103 quidem
483 2047 580 2089 dico
599 2048 875 2090 institutione
893 2048 1108 2104 indigere,
1128 2061 1201 2089 me
1215 2060 1322 2088 vero
1334 2060 1450 2096 non;

76 2128 222 2170 neque
245 2115 365 2157 enim
389 2123 452 2157 est
477 2113 594 2171 quod
613 2112 788 2157 differat
807 2114 925 2157 inter
943 2121 987 2157 te
1010 2122 1054 2157 et
1072 2128 1170 2168 me,
1196 2115 1448 2160 nisiunum.

188 2182 261 2224 Al
321 2181 579 2240 Quidnam.
565 2179 586 2210 '³

191 2249 264 2292 So.
326 2251 365 2291 Τ
371 2259 474 2294 utor
505 2264 630 2292 meus
664 2248 827 2294 melior
864 2259 929 2293 est
962 2255 1004 2294 et
1037 2249 1281 2307 sapientior
1315 2262 1449 2307 quam

78 2314 273 2358 Pericles
294 2325 412 2360 tuus.
1200 2327 1206 2335 ²

188 2383 264 2426 Al.
325 2385 438 2444 Quis
459 2385 558 2433 hic,
587 2382 802 2430 Socrate?

191 2451 266 2495 So.
319 2454 466 2505 Deus,
504 2451 757 2508 Alcibiade3
796 2450 872 2510 qui
905 2456 1006 2496 ante
1044 2450 1164 2495 hunc
1193 2447 1311 2495 diem
1332 2451 1444 2494 mihi

24 2532 30 2571 ζ
78 2533 174 2562 ιιοιι
194 2520 398 2576 permisit
429 2528 578 2564 tecum
613 2521 764 2577 loqui3
805 2535 893 2578 quo
925 2520 1056 2564 etiam
1089 2520 1229 2563 fretus
1257 2519 1354 2560 dico
1378 2518 1446 2560 fa-

79 2600 180 2628 mae
203 2596 246 2630 te
266 2586 568 2629 celebritatem
588 2603 670 2645 per
692 2588 863 2632 nullum
885 2589 1021 2631 alium
1039 2603 1131 2630 esse
1144 2593 1440 2643 consequutu-

80 2668 183 2698 rum
202 2655 288 2697 nisi
310 2671 395 2714 per
423 2670 508 2698 me.
1098 2707 1101 2712 Δ

140 2727 251 2766 azam.
294 2726 410 2768 ΠΗ,
1128 2717 1168 2767 R
