1696 2898
596 169 1027 223 cHARMmE's.
1288 184 1305 241 ᾗ
1412 186 1505 224 423

118 304 278 348 citatus
301 301 398 344 dixi
419 300 568 350 Talis,
599 297 869 348 Charmide,
898 306 964 340 est
985 296 1118 340 etiam
1140 295 1358 356 cantionis
1378 297 1508 342 ratio.

116 370 252 414 didici
279 384 392 411 vero
421 383 519 415 eam
550 366 613 409 ibi
646 367 695 409 in
719 365 1012 423 expeditione
1037 365 1092 406 ab
1120 365 1270 422 aliquo
1291 363 1507 425 Thracio-

114 452 217 482 rum
240 425 521 480 medicorum
547 434 625 491 qui
650 432 892 475 Zamolxin
920 439 1198 487 sequuntur,
1237 447 1346 488 quos
1369 432 1504 478 etiam

114 503 448 548 immortalitate
474 502 644 544 donare
672 500 841 543 ferunt.
876 499 1052 541 dicebat
1073 508 1222 543 autem
1245 499 1406 543 Thrax
1429 500 1508 543 ille

112 572 221 614 haec
249 569 433 628 quidem
463 569 662 612 medicos
685 567 909 618 Graecos,
942 580 1055 622 quae
1079 567 1215 610 modo
1238 568 1506 620 memoravi,

111 641 230 683 bene
251 639 429 691 diem-03
447 645 498 684 ,at
518 635 752 681 Z‘amolxis
769 667 781 689 ,
809 633 983 691 inquit,
1020 643 1175 681 noster
1194 651 1278 678 rex
1303 636 1378 691 qui
1398 635 1507 678 deus

113 716 180 750 est
206 706 295 757 ait,
334 703 715 763 quemadmodum
751 702 988 749 oculorum
1021 702 1118 746 sine
1142 701 1287 760 capite
1310 703 1505 754 curatio-

114 790 222 818 nem
244 789 338 816 non
365 787 458 814 esse
476 770 806 828 suscipiendam
837 785 983 826 neque
1005 769 1164 828 capitis
1187 771 1284 813 sine
1295 786 1503 828 corpore,

110 844 174 886 ita
206 856 289 884 nec
320 839 500 898 coporis
536 839 635 881 sine
662 839 846 890 animo,
884 844 930 878 et
960 837 1074 882 hanc
1100 852 1194 880 esse
1219 853 1396 881 causam
1418 854 1501 882 cur

111 910 310 953 medicos
332 907 528 966 Graecos
559 905 736 963 fugiant
766 905 953 964 plurimi
972 905 1152 956 morbi,
1192 906 1408 962 quianon
1426 907 1503 948 in-

110 977 315 1034 telligant
351 974 406 1017 de
431 981 527 1017 toto
560 988 656 1016 esse
684 987 840 1016 curam
880 972 1206 1022 adhibendam,
1248 990 1339 1031 quo
1381 975 1500 1017 male

112 1045 272 1088 affecto
297 1042 395 1085 fieri
419 1057 509 1083 non
527 1055 660 1099 posse
678 1048 728 1083 ut
753 1055 854 1098 pars
877 1041 991 1082 bene
1007 1040 1179 1099 habeat.
1211 1042 1361 1084 omnia
1375 1042 1498 1085 enim

111 1112 285 1154 dicebat
304 1110 359 1152 ab
381 1109 531 1152 animo
558 1108 778 1166 proficisci
804 1121 892 1151 tam
924 1110 1035 1151 mala
1060 1122 1194 1165 quam
1209 1108 1380 1150 bonain
1392 1123 1498 1151 eor-

109 1195 194 1238 pus
219 1187 451 1234 totumque
476 1177 710 1220 hominem
733 1176 926 1232 indeque
947 1175 1154 1228 influere,
1180 1176 1294 1218 sicut
1316 1176 1497 1232 ecapite

110 1247 158 1289 iu
186 1245 350 1288 oculos.
386 1243 517 1285 illum
548 1243 689 1300 igitur
714 1244 915 1300 primum
948 1251 991 1285 et
1010 1243 1214 1289 maxime
1241 1242 1495 1298 curandum

110 1327 221 1364 esse,
245 1311 282 1354 si
302 1319 438 1368 caput
458 1325 639 1367 quoque
661 1325 711 1353 ac
734 1310 959 1366 reliquum
983 1325 1148 1367 corpus
1167 1310 1281 1353 bene
1300 1309 1389 1353 sim.
1411 1309 1494 1352 ha-

109 1381 271 1423 bitura.
300 1378 448 1420 curari
471 1386 620 1422 autem
645 1377 844 1419 animum
867 1376 1006 1430 dixit,
1051 1392 1078 1418 o
1099 1375 1493 1434 praestantissime,

111 1447 388 1491 cautionibus
407 1444 673 1502 quibusdam
688 1477 699 1496 ,
737 1453 780 1487 et
798 1445 1027 1486 cantiones
1051 1444 1127 1487 has
1153 1444 1376 1487 orationes
1398 1459 1494 1488 esse

107 1515 336 1575 pulchras.
375 1512 444 1556 his
472 1522 622 1559 autem
656 1511 929 1554 orationibus
960 1512 1304 1571 temperantiam
1339 1513 1490 1556 animo

108 1582 264 1634 iniici,
304 1595 393 1640 qua
422 1581 588 1624 iniecta
619 1588 664 1621 et
696 1587 929 1635 praesente
954 1578 1084 1622 facile
1116 1579 1206 1621 iam
1237 1594 1332 1622 esse
1365 1580 1492 1623 saui—

110 1660 247 1694 tatem
281 1657 324 1692 et
351 1648 504 1691 animo
537 1655 582 1689 et
612 1646 789 1702 reliquo
815 1646 997 1700 corpori
1023 1661 1301 1703 comparare.
1325 1648 1489 1691 docens

109 1718 249 1775 igitur
278 1730 353 1758 me
383 1713 638 1757 remedium
670 1722 715 1755 et
756 1712 1008 1765 cantiones,
1048 1727 1178 1764 cura,
1217 1713 1390 1769 inquit,
1430 1730 1490 1757 ne

113 1785 212 1841 quis
239 1783 321 1826 tibi
348 1782 614 1840 persuadeat
632 1788 680 1822 ut
700 1779 787 1820 hoc
811 1778 1010 1821 remedio
1033 1789 1166 1838 caput
1189 1796 1318 1823 suum
1341 1798 1486 1834 cures,

114 1851 192 1907 qui
213 1866 303 1892 non
324 1849 524 1892 animum
547 1847 748 1906 primum
763 1846 974 1903 praebeat
985 1847 1037 1888 ad
1051 1846 1294 1890 curandum
1310 1865 1335 1891 a
1349 1858 1389 1890 te
1402 1866 1487 1907 per

113 1919 380 1962 cantionem.
419 1915 585 1958 etenim
618 1930 763 1966 nunc,
798 1914 970 1970 inquit,
998 1915 1072 1957 hic
1100 1930 1227 1958 error
1247 1924 1312 1958 est
1335 1916 1488 1958 homi-

113 2000 221 2028 num
235 2016 248 2036 ,
278 1994 326 2028 ut
346 1984 536 2028 alterum
559 1982 797 2039 separatim
820 1982 873 2021 ab
899 1982 1038 2025 altero
1059 1998 1218 2026 curare
1238 1984 1486 2027 instituant.

112 2063 243 2109 atque
265 2067 337 2093 me
358 2066 520 2107 magno
549 2064 686 2107 opere
708 2049 885 2094 monuit
904 2058 952 2091 ut
971 2065 1112 2106 neque
1133 2052 1364 2107 quisquam
1394 2060 1488 2096 tam

114 2122 239 2162 dives
271 2133 416 2174 neque
451 2132 693 2174 generosus
727 2130 871 2171 neque
903 2116 1093 2173 pulcher
1125 2128 1237 2162 esset
1266 2120 1340 2175 qui
1371 2119 1487 2162 mihi

112 2187 403 2246 persuaderet
433 2194 483 2227 ut
514 2183 643 2228 aliter
678 2182 886 2226 facerem.
928 2198 1010 2239 ego
1041 2199 1150 2228 vero
1174 2186 1341 2237 <iuravi
1362 2187 1484 2231 enim

115 2255 247 2311 eique
268 2254 484 2308 obsequar
509 2266 685 2293 necesse
707 2251 787 2303 est)
809 2251 1139 2307 obtemperabo.
1167 2253 1257 2295 iam
1276 2254 1310 2295 si
1335 2255 1400 2295 vis
1423 2269 1484 2296 ex

114 2321 342 2379 peregrini
372 2319 552 2361 monitis
583 2319 784 2375 primum
820 2317 1017 2360 animum
1049 2321 1266 2377 praehere
1297 2319 1485 2364 'I'hracis

116 2387 416 2434 cankionibus,
458 2386 676 2428 adhibebo
711 2385 962 2428 remedium
990 2388 1124 2444 capiti
1154 2395 1255 2436 tuo,
1299 2389 1369 2431 sin
1395 2389 1485 2441 mi—

116 2471 228 2504 nuS‚
264 2469 354 2496 non
383 2454 646 2498 habebimus
675 2455 784 2510 quid
815 2453 1036 2498 ‘faciamus
1064 2461 1135 2509 te,
1163 2471 1190 2498 o
1215 2471 1315 2499 care
1338 2456 1485 2501 Char-

116 2521 252 2565 mide.
