1702 2918
735 157 1091 201 BPINOMIS.
1484 197 1487 199 v
1581 170 1607 205 6

224 277 386 336 quibus
409 277 612 336 primum
635 282 703 319 est
719 282 954 320 terrenum
967 308 981 330 ,
1002 277 1250 322 secundum
1271 275 1454 334 igneum
1471 279 1607 334 (980).

221 346 289 389 Ac
312 354 544 389 terrenum
568 344 776 402 quidem,
815 344 934 402 qnod
956 345 1054 387 sine
1075 345 1233 388 ordine
1255 359 1303 386 se
1324 354 1502 398 movet,
1530 361 1603 388 ra-

218 415 344 456 tione
373 421 516 465 caret,
566 413 751 470 igneum
782 428 894 455 vero
927 427 1006 455 seu
1037 413 1248 466 caeleste,
1285 412 1406 468 quod
1442 413 1601 456 eodem

217 496 398 539 semper
432 480 590 524 ordine
614 489 659 523 et
680 480 798 523 circa
820 480 943 522 idem
963 478 1137 531 fertur,
1175 487 1327 524 mente
1343 479 1602 537 praeditum

215 563 267 590 ac
286 549 493 591 divinum
518 557 608 602 est;
651 547 770 591 vitae
788 556 936 591 autem
962 556 1006 591 et
1028 541 1214 591 rationis
1237 561 1349 602 quae
1367 547 1416 589 in
1436 547 1602 589 sideri-

213 616 296 659 bus
328 616 482 659 insunt
511 624 734 660 causaest
764 616 877 658 deus
904 616 1044 674 (983).
1113 613 1267 659 Media
1291 615 1408 657 inter
1445 615 1599 659 divina

212 683 385 741 (ignea)
433 691 477 726 et
511 693 693 727 terrena
736 699 930 743 corpora
976 693 1082 728 sunt
1117 681 1362 727 animantia
1392 697 1505 738 quae
1536 697 1597 725 ex

209 751 414 804 aethere,
446 751 551 794 affre
581 759 626 795 et
656 766 772 809 aqua
802 752 1036 806 oriuntur3
1075 765 1188 808 quae
1214 748 1371 792 itidem
1398 763 1483 806 pro
1507 750 1593 793 diis

205 819 410 862 habenda
423 828 466 862 et
478 836 560 863 suo
573 819 781 877 quodque
791 820 925 864 modo
935 819 1124 862 colenda
1135 826 1242 863 sunt
1256 816 1397 874 (986).
1429 817 1593 860 Astro-

203 887 373 946 logiam
408 887 570 930 deinde
606 889 858 931 accuratius
890 896 1084 932 tractans
1111 895 1211 929 octo
1240 884 1374 942 ponit
1391 883 1441 926 in
1462 886 1585 927 caelo

204 971 417 1014 corpora:
443 955 595 999 Solem
617 955 815 1008 Lunam,
849 955 1081 1000 stellarum
1102 951 1405 996 inerrantium
1429 952 1589 997 orbem

204 1033 250 1067 et
267 1023 466 1080 quinque
485 1021 679 1078 reliquas
701 1037 814 1079 quae
838 1031 1039 1066 errantes
1059 1022 1271 1077 dicuntur
1289 1019 1434 1061 stertas
1447 1052 1459 1072 ,
1486 1020 1584 1064 Ve-

201 1105 388 1143 nerem,
436 1088 750 1142 Mercurium,
797 1088 1075 1143 Saturnum,
1116 1090 1274 1133 Iovem
1309 1095 1354 1129 et
1379 1088 1588 1145 Martem

200 1157 336 1215 (987).
394 1156 522 1198 Falsa
543 1170 701 1197 eorum
722 1163 788 1199 est
811 1156 968 1213 opinio
984 1189 996 1211 ‚
1035 1157 1136 1214 qui,
1170 1156 1417 1214 corporum
1438 1157 1586 1199 caete-‚-

197 1225 335 1269 stium
355 1222 635 1266 divinitatem
655 1222 940 1280 ignorantes,
970 1233 1158 1267 naturae
1181 1224 1400 1266 elementa
1411 1238 1495 1282 pro
1507 1240 1584 1266 re-

194 1309 300 1338 rum
327 1290 566 1350 principiis
603 1289 770 1334 habent
799 1299 843 1333 et
871 1293 1054 1349 corpori
1086 1291 1140 1334 id
1158 1291 1362 1335 tribuunt
1383 1293 1502 1347 quod
1532 1293 1582 1335 iu

194 1362 398 1416 animum
418 1357 535 1402 cadit
558 1357 684 1415 (988)
753 1357 1123 1417 Itaperspicitur
1136 1373 1291 1403 veram
1312 1359 1580 1416 sapientiam

193 1426 431 1484 astrologia
453 1425 691 1481 contineri,
719 1440 813 1468 non
837 1426 1015 1482 vulgari
1035 1427 1128 1480 illa,
1170 1425 1245 1469 sed
1267 1425 1444 1477 altiore,
1465 1442 1580 1483 quae

191 1495 419 1554 quomodo
444 1491 707 1536 addiscenda
729 1495 786 1536 sit
811 1494 1020 1553 deinceps
1040 1496 1300 1554 exponitur.
1336 1493 1455 1536 Huic
1466 1509 1576 1536 vero

189 1562 374 1620 adiungi
395 1569 575 1620 oportet
592 1562 912 1617 geometriam,
954 1562 1286 1606 arith-metieam
1307 1569 1351 1604 et
1371 1561 1577 1604 dialecti-

189 1647 303 1684 cam,
329 1645 442 1688 quae
460 1628 635 1685 singula
659 1627 718 1671 ad
733 1629 904 1687 species
928 1646 1028 1674 suas
1055 1631 1200 1674 refert
1220 1632 1417 1687 veraque
1438 1645 1462 1671 a
1485 1629 1576 1671 fal-'-
1596 1683 1613 1686 γ’

188 1700 248 1743 sis
276 1696 502 1741 discernit.
557 1697 708 1754 Atque
737 1695 822 1740 hac
856 1699 1043 1755 quidem
1058 1700 1234 1743 ratione
1253 1698 1421 1755 quires
1450 1695 1574 1738 divi-

185 1782 266 1810 nas
287 1778 532 1822 earumque
547 1779 764 1808 numeros
785 1774 827 1809 et
845 1768 1024 1825 ordines
1033 1775 1357 1826 perscrutatur,
1379 1765 1415 1807 is
1432 1780 1571 1807 unam

183 1835 235 1878 in
274 1833 480 1877 omnibus
513 1832 649 1875 rebus
677 1835 1070 1889 convenientiam,
1113 1851 1252 1878 unam
1286 1833 1569 1876 divinitatem

186 1901 419 1960 conspicit,
447 1914 580 1957 quam
605 1900 873 1958 eognoscens
895 1918 1009 1955 eam,
1046 1918 1178 1960 quam
1197 1902 1369 1945 homini
1394 1902 1569 1957 assequi

183 1967 315 2021 licet,
350 1968 609 2012 felicitatem
641 1975 686 2010 et
718 1969 768 2012 in
800 1971 883 2012 hac
905 1972 1019 2015 etin
1039 1971 1192 2013 futura
1206 1971 1305 2012 'vita
1328 1969 1566 2026 percipiet.

184 2033 325 2092 Quod
340 2036 520 2090 quidem
542 2036 692 2092 ipsum
713 2039 954 2082 conventui
965 2038 1268 2080 illinocturno
1281 2035 1566 2093 propositum

184 2110 278 2156 est,
314 2102 467 2160 legum
492 2103 771 2160 civitatisque
791 2106 964 2148 custodi
986 2113 1031 2148 et
1052 2103 1373 2148 conservam-ix
