1702 2918
687 200 1054 243 EPINOMIS.
1504 211 1564 250 35

182 317 430 371 rationibus
448 326 559 360 sano
579 316 656 362 vel
676 316 813 362 etiam
824 326 1008 375 aegroto
1031 316 1262 378 expositis,
1286 319 1383 361 sive
1395 315 1585 365 invitae·

182 401 368 431 excessu
400 385 561 429 incidit
593 385 643 430 in
662 386 898 445 opiniones
919 385 1135 442 privatim
1159 394 1204 430 et
1220 387 1403 445 publice
1427 388 1573 432 obve-

180 455 381 506 nientes,
414 452 536 495 unde
570 467 694 497 sacra
725 453 868 497 multa
901 455 1154 500 multorum
1171 454 1501 511 profectasunt
1524 466 1569 500 et

180 522 267 566 alia
284 520 654 581 proficiscentur:
691 519 743 564 in
763 519 835 564 his
855 521 1064 564 omnibus
1081 521 1234 578 legum
1253 521 1370 566 tator
1388 523 1465 566 vel
1483 539 1568 583 paa-

178 606 287 635 rum
329 589 586 646 intelligens
620 603 870 646 numquam
905 589 1088 635 audebit
1121 588 1289 646 aliquid
1319 587 1489 634 novare
1521 599 1567 634 et

179 657 406 702 civitatem
433 671 560 700 suam
583 657 638 700 ad
666 657 855 700 deorum
880 657 1053 715 cultum
1077 657 1300 718 adducere
1319 657 1435 701 nihil
1453 661 1568 705 certi

122 720 127 725 ”
176 727 433 776 habentem,
459 739 608 782 neque
629 725 762 786 etiam
787 740 947 769 eorum
966 722 1134 784 aliquid
1157 725 1327 768 vetabit
1345 742 1458 783 quae
1480 743 1568 787 pa-

175 795 263 838 tria
277 795 357 838 lex
381 792 436 835 de
454 792 685 837 sacrificiis
706 795 1024 853 praescripsit,
1052 792 1196 852 probe
1219 791 1388 846 sciens,
1437 808 1566 841 mor-

173 863 310 907 talem
338 870 545 905 naturam
576 861 692 906 nihil
720 877 852 920 posse
869 861 941 911 his
962 862 1017 905 de
1036 861 1174 905 rebus
1193 857 1362 918 cogniti
1380 860 1564 907 habere.

175 931 230 973 de
249 929 334 973 diis
350 937 499 972 autem
520 930 598 985 qui
624 942 734 973 vere
754 930 883 974 nobis
909 930 1139 974 manifesti.
1151 922 1281 981 suut,
1306 942 1463 972 nonne
1482 945 1566 973 ea·-

175 997 279 1042 dem
302 997 473 1039 obtinet
493 996 609 1038 ratio
634 997 855 1054 pessimos
879 1013 974 1040 esse
997 997 1076 1054 qui
1096 996 1244 1050 nolint
1262 993 1392 1039 nobis
1410 995 1563 1042 dicere

175 1072 220 1108 et
248 1063 542 1108 manifestum
575 1063 794 1116 reddere,
834 1071 1047 1123 expertes
1080 1077 1156 1106 eos
1190 1077 1285 1106 esse
1310 1076 1564 1120 sacrorum,'

173 1147 317 1190 quum
350 1130 508 1173 itidem
549 1130 611 1172 dii
627 1131 718 1174 sint
731 1162 743 1184 ‚
776 1147 860 1175 nec
881 1131 1080 1175 honores
1099 1129 1422 1174 convenientes
1441 1135 1563 1177 accia-

169 1199 314 1258 pere?
358 1212 478 1239 nunc
506 1212 618 1240 vero
638 1197 763 1241 idem
784 1213 876 1240 usu
894 1197 1043 1248 venit,
1082 1212 1136 1246 ae
1159 1197 1197 1240 si
1210 1197 1310 1254 quis
1335 1202 1560 1256 nostrum,

168 1269 248 1325 qui
283 1267 424 1310 solem
456 1267 531 1309 vel
551 1265 722 1308 *lunam
757 1265 942 1308 vidisset
974 1260 1173 1307 orientes
1200 1278 1372 1322 nosque
1399 1282 1560 1312 omnes

166 1334 483 1394 inspicientes,
521 1347 613 1377 non
641 1335 931 1392 eloqueretur
965 1346 1107 1390 quum
1129 1332 1280 1390 eloqui
1298 1343 1451 1390 posset
1468 1335 1561 1378 ho·-

166 1403 295 1448 noris
313 1402 433 1461 ipsos
452 1410 663 1459 expertes
687 1417 806 1454 esse,
839 1405 1130 1458 nec‘operam
1157 1396 1307 1452 daret,
1338 1411 1562 1457 quantum
1628 1431 1629 1435 =

168 1471 219 1516 in
249 1471 349 1529 ipso
373 1478 545 1521 essent,
574 1478 627 1512 ut
643 1471 693 1513 in
714 1471 867 1514 locum
889 1468 1160 1511 ducerentur
1179 1466 1450 1512 honoratum
1476 1469 1560 1517 ubi

166 1536 402 1597 conspicui
427 1548 588 1594 essent,
611 1538 705 1583 dies
724 1538 828 1581 festi
851 1545 893 1580 et
911 1534 1130 1579 sacrificia
1146 1537 1491 1580 instituerentur
1507 1546 1560 1591 ret

166 1610 333 1665 cuique
359 1608 587 1650 maiorum
617 1616 662 1652 et
690 1606 925 1651 minorum
955 1605 1133 1662 saepius
1151 1619 1378 1648 annorum
1402 1606 1559 1649 distri-

163 1678 415 1720 buerentur
437 1685 666 1735 tempora:
694 1674 769 1717 hic
787 1688 940 1716 nonne
961 1681 1083 1717 recte
1103 1681 1148 1717 et
1165 1670 1252 1716 sibi
1271 1681 1317 1716 et
1335 1673 1434 1717 aliis
1447 1689 1558 1731 cog-⁴

162 1744 451 1789 noscentibus
477 1741 710 1788 videretur
735 1743 880 1786 malus
902 1739 990 1783 dici
1005 1740 1027 1783 ’Β

209 1901 218 1906 Π
280 1844 346 1890 Cl.
375 1844 578 1903 Quidni,
601 1840 801 1903 hospes?
836 1850 880 1886 et
899 1841 1119 1900 pessimus
1139 1841 1339 1900 quidem.
1363 1879 1365 1881 ,

274 1947 388 1990 ἈιῘι.
425 1945 523 1989 Ηοο
551 1952 733 2000 tamen,
773 1960 800 1987 ο
828 1958 930 1987 care
953 1942 1126 1998 Clinia,
1161 1941 1278 1986 mihi
1299 1956 1421 1986 nunc
1439 1941 1554 1986 scito·

164 2012 402 2057 manifesto
423 2013 648 2055 accidisse.

276 2109 339 2154 CI.
371 2109 611 2168 Quomodo
633 2109 742 2152 dicis
759 2110 781 2151 ’ἓ

276 2213 389 2256 Ach.
427 2210 597 2254 Scitote
629 2219 729 2253 octo
762 2208 883 2252 vires
902 2207 951 2250 in
978 2214 1070 2251 toto
1095 2206 1215 2250 caelo
1240 2220 1334 2250 esse
1359 2203 1478 2251 inter
1501 2221 1550 2252 se

165 2288 371 2337 cognatas
401 2293 508 2335 quas
545 2275 988 2336 ego·perspexe1·im‚
1028 2274 1144 2317 nihil
1165 2291 1275 2317 vero
1298 2276 1448 2332 magni
1476 2291 1550 2318 as·-

163 2355 374 2404 sequutus
392 2360 506 2397 sum,
529 2361 671 2402 quum
692 2345 803 2388 alius
827 2357 1003 2401 quoque
1026 2342 1160 2385 facile
1182 2342 1264 2384 hoc
1277 2343 1418 2398 possit
1434 2357 1548 2398 cog-

163 2430 362 2458 noscere.
383 2412 544 2456 harum
561 2421 709 2455 autem
721 2419 808 2455 tres
821 2410 1032 2461 sunthae,
1060 2423 1148 2451 una
1163 2409 1280 2459 solis,
1293 2422 1383 2449 una
1395 2408 1547 2459 lunae,

162 2497 252 2525 una
261 2481 487 2525 stellarum
499 2476 797 2522 inerrantium
810 2493 915 2536 quas
927 2477 1381 2520 commemoravimus
1391 2474 1544 2531 paullo

164 2563 314 2603 supra,
337 2557 379 2590 et
397 2548 593 2605 quinque
616 2548 741 2592 aliae.
756 2547 810 2590 de
830 2545 1049 2602 hisigitur
1063 2544 1269 2585 omnibus
1283 2552 1326 2584 et
1338 2542 1399 2583 eis
1411 2541 1545 2598 quiin

163 2617 235 2659 his
255 2624 372 2667 sunt,
394 2614 583 2671 siveipsi
602 2614 853 2671 procedunt
869 2591 962 2655 sive
982 2612 1030 2653 in
1052 2610 1270 2653 vehiculis
1280 2609 1491 2653 feruntur
1502 2615 1547 2649 et

163 2684 225 2726 ita
246 2681 614 2741 progrediuntur,
638 2697 769 2724 nemo
789 2681 917 2725 aliter
936 2674 1542 2734 umquamstatuatomnium

1136 2746 1169 2784 C
1196 2759 1220 2785 2
