1702 2918
661 257 1022 305 EPINOMls.
1473 271 1531 308 21

135 370 501 428 ›difficilia,esse,
538 376 625 420 hoc
644 385 819 430 autem,
854 378 1081 435 quomodo
1107 388 1309 438 oporteat
1328 380 1533 424 homines

152 439 297 484 bonos
317 457 426 497 esse,
447 443 741 502 perdifficile3
771 454 816 489 et
832 445 1007 503 reliqua
1028 462 1208 505 quoque
1229 447 1380 493 omnia
1402 448 1534 502 bona,

150 515 202 551 ut
232 509 422 564 dicitur,
477 513 730 571 comparari
757 529 891 571 posse
918 530 1001 557 nec
1032 514 1211 559 difficile
1242 531 1358 569 esse,
1396 516 1532 559 item—

149 590 238 632 que
257 593 364 635 opes
387 589 570 641 quantas
589 590 796 639 oporteat
822 581 896 625 vel
916 597 1008 625 non
1033 588 1250 641 oporteat,
1280 598 1531 644 corpusque

150 644 282 700 quale
301 661 395 690 esse
415 647 571 691 debeat
592 650 722 707 quale
739 665 834 692 non
856 665 951 693 esse
972 650 1145 703 debeat,
1161 660 1206 694 et
1228 650 1430 702 animum
1440 650 1526 693 bo-

144 726 257 755 num
280 729 374 758 esse
395 715 586 769 debere,
615 718 802 775 quisque
822 718 984 776 cuique
1008 719 1212 762 concedit
1224 751 1238 770 ,
1269 727 1312 760 et
1334 717 1452 774 quod
1473 718 1530 762 ad

145 780 356 826 bonitatis
377 785 603 828 rationem
625 785 800 838 attinet,
827 801 934 829 eum
953 786 1126 829 iustum
1146 796 1190 830 et
1199 795 1527 844 temperantem

143 860 190 894 et
209 851 376 896 fortem
399 868 494 895 esse
519 852 709 905 debere,
751 852 840 896 hoe
860 869 1042 913 quoque
1060 854 1290 907 concedit,
1325 854 1526 911 itemque

142 934 248 962 eum
277 919 530 980 sapientem
563 935 658 964 esse
686 930 872 980 oporter
903 923 1117 981 equisque
1142 922 1359 971 affirmat,
1387 937 1525 976 quam

141 1000 255 1029 vero
276 987 544 1046 sapientiam
563 988 732 1031 habere
759 997 980 1047 oporteat,
1002 1000 1053 1034 ut
1076 992 1210 1034 modo
1230 991 1521 1047 exposuimus

139 1055 190 1097 in
219 1054 308 1097 hoo
337 1054 428 1098 iam
458 1070 593 1098 nemo
628 1055 684 1098 de
717 1056 1009 1100 multitudine
1043 1074 1147 1101 cum
1181 1057 1366 1102 nemine
1386 1059 1520 1115 plane

137 1117 371 1167 consentit.
402 1123 683 1180 nuncigitur
703 1134 886 1181 praeter
907 1140 1065 1168 omnes
1086 1125 1263 1184 priores
1278 1125 1519 1184 sapientias

134 1189 255 1231 haud
283 1190 422 1232 vilem
451 1190 674 1246 quandam
705 1191 966 1234 invenimus
986 1191 1041 1234 ad
1062 1191 1148 1234 hoc
1165 1192 1346 1249 ipsum,
1373 1201 1424 1235 ut
1443 1209 1517 1235 sa-

132 1257 265 1315 piens
291 1272 386 1300 esse
406 1257 615 1301 videatur
633 1258 713 1316 qui
734 1260 992 1316 perceperit
1011 1274 1125 1317 quae
1144 1259 1345 1303 diximus
1356 1276 1372 1315 3
1401 1275 1514 1304 num

132 1340 244 1367 vero
275 1325 451 1383 sapiens
483 1325 542 1367 sit
567 1324 732 1369 horum
750 1327 1006 1385 intelligens
1026 1336 1158 1386 atque
1175 1327 1347 1382 bonus,
1378 1327 1513 1370 huius

129 1392 199 1435 rei
218 1392 441 1436 rationem
461 1392 674 1437 debemus
693 1394 946 1453 percipere.

194 1520 196 1524 Α
245 1468 314 1513 Cl.
361 1471 402 1514 Ο
422 1469 607 1528 hospes,
642 1485 885 1529 perquam,
925 1487 1034 1520 vere
1065 1471 1222 1518 dixisti
1246 1473 1301 1518 de
1333 1471 1509 1530 magnis

128 1546 174 1581 te
195 1551 359 1596 magna
382 1538 626 1582 instituisse
645 1538 869 1597 proferre.
1022 1530 1025 1533 Δ

236 1615 350 1669 Aet».
386 1615 544 1674 Neque
564 1613 688 1659 enim
709 1615 874 1674 exigua
891 1626 1020 1672 sunt,
1057 1632 1086 1661 ο
1115 1617 1288 1672 Clinia,
1324 1625 1368 1660 et
1386 1615 1504 1673 quod

126 1680 350 1739 difficilius
371 1691 460 1736 est,
495 1697 683 1741 prorsus
703 1692 749 1728 et
770 1685 958 1728 omnino
976 1694 1083 1738 sunt
1105 1701 1227 1732 vera.

238 1758 306 1804 Gl.
345 1759 605 1805 Admodum
623 1774 761 1815 vere,
799 1759 992 1820 hospes3
1028 1770 1225 1809 attamen
1244 1777 1302 1806 ne
1323 1760 1501 1804 deficias

123 1840 356 1887 exponens
376 1827 424 1873 id
446 1827 568 1884 quod
591 1826 713 1873 dicis.
801 1836 804 1837 ’

229 1902 340 1948 Ath.
381 1903 523 1956 Sane,
553 1919 638 1948 neo
656 1921 739 1948 vos
757 1905 899 1964 igitur
919 1906 1166 1956 audientes.

236 1978 301 2022 CL
336 1981 404 2023 Ita
421 1979 531 2033 erit,
560 1989 606 2024 et
622 1996 709 2040 pro
730 1983 948 2026 ambobus
968 1999 1050 2041 ego
1072 1985 1156 2027 tibi
1174 1982 1444 2042 respondem
1510 2028 1512 2031 ,

229 2056 342 2101 Aah
384 2055 632 2100 Praeoalre.
655 2060 711 2101 ab
734 2061 866 2103 initio
889 2062 1030 2118 igitur
1050 2063 1287 2105 dicendum
1307 2070 1373 2103 est
1390 2057 1495 2118 pri-⁴

114 2137 261 2175 mum,
272 2132 325 2166 ut
334 2131 534 2179 apparet,
544 2124 743 2167 maxime
755 2127 952 2181 quidem,
969 2129 1006 2170 si
1015 2144 1253 2185 possumus
1262 2142 1353 2170 uno
1365 2140 1493 2169 com-

113 2190 252 2248 pleeti
270 2190 471 2242 nomine,
500 2206 720 2247 quaenam
742 2192 800 2236 sit
812 2209 943 2250 quam
957 2210 1213 2241 censeamus
1225 2194 1490 2253 sapientiam

114 2275 236 2313 esse,
269 2268 314 2302 et
346 2258 432 2301 hoc
462 2272 571 2300 vero
597 2257 635 2300 si
657 2259 782 2305 nullo
804 2262 941 2304 modo
960 2264 1242 2320 potuerimus
1253 2297 1270 2314 ,A
1296 2262 1490 2305 secunda

112 2328 201 2370 erit
224 2326 422 2384 quaestio
438 2324 563 2377 haee,
592 2341 810 2382 quaenam
831 2328 921 2372 sint
941 2337 986 2373 et
1009 2340 1116 2388 quot
1136 2347 1240 2388 quas
1264 2330 1359 2388 quit
1376 2344 1487 2389 per-2

110 2395 283 2453 cipiens
306 2393 481 2451 sapiens
503 2394 562 2436 sit
578 2392 759 2462 futurus
777 2411 837 2441 ex
855 2407 1004 2442 nostra
1031 2398 1347 2457 disputatione.
1493 2408 1498 2415 “

226 2471 297 2517 Gt.
332 2472 420 2515 Dic
451 2487 632 2529 quaeso.
1212 2524 1215 2527 .

219 2539 330 2585 Ath.
357 2540 533 2584 Deinde
553 2541 673 2584 haud
694 2541 965 2589 invidiosum
989 2546 1089 2600 erit,
1120 2548 1159 2590 si
1178 2549 1327 2604 legum
1348 2545 1482 2595 lator,-

103 2605 339 2664 pulchrius
361 2607 469 2664 quid
489 2618 533 2652 et
552 2609 712 2653 melius
733 2613 935 2656 oratione
951 2614 1138 2672 fingens,
1162 2616 1215 2658 de
1227 2615 1310 2657 diis
1320 2614 1480 2670 loqua-

103 2682 183 2715 tur
203 2682 430 2731 tamquam
447 2675 605 2723 ludum
624 2676 863 2736 pulchrum
886 2681 1098 2728 adhibens
1122 2682 1313 2739 deosque
1332 2681 1477 2725 hono=

102 2740 230 2787 ribus
273 2741 491 2799 afficiens,
539 2745 601 2791 ita
627 2754 678 2790 ut
711 2748 984 2793 carminibus
1014 2750 1063 2803 in
1093 2750 1272 2794 laudem
1314 2763 1473 2792 eorum
