1702 2918
472 749 1194 838 νΕΡΙΝΟΜῙεκ

175 980 290 1067 De
315 1023 545 1081 sapientia,
573 1038 747 1067 summo
765 1024 1052 1066 humanitatis
1069 1023 1171 1075 fine,
1196 1038 1326 1080 quam
1352 1025 1398 1066 in
1412 1025 1527 1068 libro

177 1091 436 1134 duodecimo
467 1089 669 1145 attigerat
695 1087 844 1148 legum
863 1089 1077 1146 scriptor,
1120 1092 1316 1145 quaestio
1341 1090 1529 1133 habetur

174 1159 223 1200 in
243 1156 326 1205 hac
347 1155 630 1213 appendice.-
625 1157 710 1199 Ao
728 1171 784 1212 pr
786 1157 934 1198 imuin
947 1155 1125 1210 quidem
1143 1154 1249 1197 ᾶιεει
1252 1155 1400 1212 phuae
1409 1157 1526 1207 illae,

175 1237 286 1280 quae
311 1222 418 1265 salso
431 1221 687 1278 gloriantur
704 1221 943 1282 sapientiae
963 1221 1146 1267 nomine
1160 1251 1171 1272 ‚
1197 1233 1528 1269 enumerantur

175 1301 220 1332 et
250 1290 319 1331 ab
341 1284 410 1330 his
442 1295 735 1329 secernunnu
767 1302 843 1328 eae
873 1301 982 1341 quae
1018 1286 1072 1327 ad
1093 1301 1243 1328 veram
1263 1285 1526 1345 sapientiam

176 1356 342 1398 ducunt
372 1353 698 1410 (974).A1tes
718 1354 838 1396 enim
861 1360 905 1394 et
927 1351 1183 1409 disciplinae
1205 1367 1316 1407 quae
1338 1355 1391 1395 ad
1411 1355 1526 1397 vitae

172 1420 447 1464 necessitates
470 1426 682 1476 spectant,
714 1419 799 1462 hoc
827 1428 904 1469 est,
933 1419 1136 1479 vulgares
1159 1418 1259 1461 illae
1278 1428 1406 1476 atque
1425 1437 1526 1463 sor-

175 1489 329 1537 didae,
357 1485 471 1527 nihil
490 1485 686 1533 decoris,
728 1485 891 1527 nedum
915 1485 1156 1542 sapientiae
1174 1483 1361 1540 habent3
1391 1487 1525 1529 etiam

170 1555 258 1596 iltis
287 1552 477 1603 artibus,
517 1552 674 1607 quibus
708 1552 895 1594 imitatio
916 1553 1054 1608 magis
1072 1552 1242 1593 ludicra
1261 1567 1393 1608 quam
1410 1554 1524 1595 seria

169 1619 398 1677 proposita
416 1626 502 1668 est,
530 1619 599 1670 (ut
621 1618 835 1670 musicae,
861 1619 1009 1674 poesi,
1037 1618 1259 1675 picturae,
1289 1618 1426 1671 aliis),
1450 1619 1525 1660 ni-

169 1687 235 1728 hil
264 1698 499 1727 commune
516 1692 583 1726 est
601 1699 699 1726 cum
722 1684 960 1740 sapientia3
995 1699 1138 1740 neque
1159 1692 1273 1726 artes
1299 1686 1524 1741 opitulan-

169 1762 254 1804 tes,
296 1759 345 1793 ut
364 1749 604 1802 medicina,
641 1765 710 1791 ars
733 1750 947 1803 oratoria,
983 1750 1118 1802 aliae,
1154 1759 1198 1792 et
1224 1751 1417 1793 sollertia
1447 1751 1522 1792 illa

170 1818 332 1869 animi,
371 1831 480 1872 quae
515 1816 648 1870 volgo
678 1831 761 1872 pro
785 1815 998 1871 sapientia
1020 1816 1230 1868 habetur,
1274 1817 1368 1858 eius
1390 1833 1522 1874 quam

170 1885 420 1941 quaerimus
453 1881 692 1938 participes
719 1890 821 1923 sunt
849 1882 1091 1937 sapientiae
1112 1884 1245 1939 (976).
1304 1883 1404 1924 Una
1431 1886 1522 1926 sola.

168 1951 411 2006 disciplina,
436 1963 547 2003 quae
566 1947 793 1990 hominem
817 1947 1057 2004 sapientem
1078 1949 1234 2000 reddit,
1258 1950 1523 2003 numerandi

169 2032 238 2058 ars
270 2025 359 2065 est,
393 2014 514 2056 cuius
548 2022 775 2055 auctorem
813 2014 944 2056 deum
977 2022 1020 2056 et
1050 2014 1229 2068 quidem
1254 2016 1445 2066 caelum,
1473 2015 1522 2056 in

167 2097 254 2139 quo
287 2080 434 2121 onmia
455 2088 542 2120 tam
563 2079 758 2120 mirabili
782 2079 989 2135 disposita
1009 2079 1165 2120 ordine
1188 2079 1520 2136 conspiciamus,

166 2150 285 2192 recte
305 2145 603 2203 perhibemus.
667 2144 768 2201 Qua
787 2146 965 2200 quidem
990 2144 1221 2202 disciplina
1242 2153 1291 2188 ut
1312 2146 1432 2188 nulla
1449 2163 1521 2189 ars

168 2222 211 2256 et
246 2212 443 2255 doctrina
474 2226 625 2252 carere
655 2220 800 2267 potest
837 2213 961 2263 (nam
997 2211 1093 2253 sine
1120 2226 1308 2253 numero
1347 2213 1457 2254 ordo
1478 2222 1522 2256 et

164 2280 277 2323 ratio
318 2293 406 2319 non
442 2286 629 2333 possunt
662 2277 883 2332 cogitari),
928 2277 990 2318 sic
1019 2271 1152 2320 etiam
1182 2277 1295 2318 nihil
1323 2278 1517 2334 pulchri,

164 2346 272 2388 boni
308 2353 350 2387 et
379 2343 484 2386 iusti
517 2344 723 2400 nullaque
755 2358 912 2384 eorum
941 2345 1132 2399 cognitio
1152 2358 1243 2385 esse
1261 2352 1405 2399 potest
1429 2359 1519 2385 nu-

165 2428 290 2455 mero
308 2411 478 2453 sublato
503 2411 604 2466 (978
619 2421 641 2451 '.
701 2408 927 2464 Sapientia
950 2411 1120 2451 veroin
1141 2409 1297 2466 primis
1320 2410 1518 2452 cernitur

164 2478 212 2519 in
231 2492 382 2518 rerum
420 2477 674 2518 divium-um
704 2475 907 2527 scientia,
945 2491 1057 2530 quae
1078 2475 1122 2517 in
1145 2490 1249 2516 vcra
1272 2475 1454 2517 deornm
1475 2483 1518 2517 et

164 2542 453 2585 animantium
479 2550 599 2582 ortus
621 2540 872 2596 cognitione
897 2543 1066 2584 nititur.
1110 2541 1183 2583 Ex
1206 2540 1518 2596 omnibuspri-

163 2625 289 2653 mum
330 2616 394 2650 est
425 2607 645 2655 divinum,
690 2609 876 2651 alterum
907 2608 1081 2650 animus
1108 2608 1180 2663 qui
1213 2606 1362 2647 omnia
1391 2605 1518 2661 fingit

166 2692 215 2719 ac
245 2675 381 2732 regit,
419 2674 599 2718 tertium
633 2674 827 2729 quinque
862 2675 1059 2731 corporis
1096 2672 1223 2715 solidi
1253 2686 1440 2729 genera,
1490 2686 1515 2713 e
