1754 2912
627 169 981 213 EPINOMIS.
1426 172 1485 210 45

118 290 351 343 tui-ussit&
375 287 428 338 ¹et
459 291 703 337 absurdum
721 315 725 318 »
740 287 925 347 quidem
953 285 1052 331 fere
1073 292 1138 330 est
1151 285 1308 334 auditu
1324 282 1493 329 nomen

95 367 98 370 ’
119 366 380 424 disciplinae
424 362 513 405 huc
553 358 816 419 spectantis,
860 364 1014 400 tamen
1058 354 1321 409 dicendum,
1370 352 1494 411 quod

117 446 362 490 numquam
382 431 482 489 quis
501 427 727 488 putaverit
745 433 935 483 propter
956 422 1026 465 rei
1045 422 1350 479 imperitiam,
1392 437 1495 464 eam

118 500 437 544 astronomiam
458 496 698 540 nominari.
720 493 843 537 haud
861 492 1104 550 ignoratiS,
1116 490 1497 547 sapientissimum

111 583 211 612 esse
227 587 229 589 ·
243 568 406 610 debere
428 563 888 619 vei-umastrologum
904 591 916 613 ,
951 573 1045 601 non
1067 557 1315 606 secundum
1335 558 1498 601 Hesio·-

118 636 228 678 dum
255 632 499 692 omnesque
527 633 573 675 id
590 628 732 690 genus
749 628 864 672 hanc
882 626 1166 685 disciplinam
1188 635 1495 675 exercentem,

115 704 244 747 velut
281 700 477 746 occasus,
503 710 548 744 ct
588 707 713 742 ortus
750 696 1136 748 considerantem,
1194 693 1272 737 sed
1305 694 1360 737 de
1393 704 1494 738 octo

96 772 321 815 cursibus
336 791 353 826 j·
374 776 548 828 septem
614 767 929 810 observantem
995 763 1235 815 circuitus,
1302 777 1499 819 quorum

115 855 244 883 suum
272 838 459 896 quisque
490 836 648 880 orbem
673 835 739 879 ita
765 842 1031 893 percurrat,
1050 835 1106 876 ut
1133 846 1229 875 non
1255 830 1389 874 facile
1406 831 1500 873 ulla

115 920 333 964 umquam
355 912 522 949 *natura
556 904 659 948 satis
678 903 727 946 id
745 903 1103 961 sitspectat'ura,
1118 928 1122 935 ι
1138 899 1502 943 nisiadmirabi-

118 976 222 1018 lem·
238 973 367 1016 nacta
389 971 755 1017 fuerit-indolem.
787 971 882 1013 iam
902 971 949 1012 id
971 969 1093 1026 quod
1114 969 1315 1012 diximus
1338 978 1384 1013 et
1405 970 1502 1013 dic-

118 1041 210 1084 turi
249 1055 403 1083 sumus
446 1039 770 1098 exponendum
796 1039 928 1080 nobis
957 1046 1046 1089 est,
1079 1045 1132 1080 ut
1151 1037 1367 1089 dicimus,
1409 1053 1500 1096 quo

116 1118 249 1168 pacto
282 1108 392 1151 haec
418 1108 528 1151 disci
549 1116 765 1166 oporteat.
800 1120 852 1148 ac
870 1106 1073 1164 primum
1095 1099 1278 1162 quidem
1298 1105 1385 1149 hoe
1402 1122 1504 1149 me—

102 1175 334 1221 'mm-ator.-
363 1176 472 1218 luna
492 1171 890 1224 circuitumsuum
913 1173 1156 1220 celerrime
1172 1173 1379 1225 conficit,
1416 1174 1502 1217 du-

119 1259 232 1301 cens,
256 1258 459 1285 mensem
478 1250 522 1285 et
542 1241 851 1301 plenilunium
870 1241 1099 1299 primum3
1138 1241 1356 1284 secundus
1377 1243 1504 1298 cogi-

117 1311 276 1354 tandus
293 1320 362 1354 est
382 1310 476 1360 sol,
515 1310 755 1354 solstitium
775 1318 820 1353 et
835 1309 1045 1353 brumam
1066 1308 1235 1351 ducens
1252 1311 1337 1367 pe'r
1356 1319 1503 1354 totum

117 1394 248 1423 suum
271 1380 524 1433 circuitum,
549 1387 593 1422 et
611 1379 688 1436 qui
708 1379 805 1421 eius
821 1387 924 1422 sunt
942 1376 1141 1420 comioes.
1171 1382 1231 1419 ne
1240 1387 1391 1434 autem
1404 1394 1504 1422 sae-

111 1447 220 1506 ·pius
244 1448 399 1490 eadem
421 1447 475 1489 de
500 1446 642 1490 isdem
663 1445 976 1505 proferamus,
1002 1444 1199 1501 reliquas
1223 1445 1387 1503 horum
1406 1448 1503 1491 vias

107 1517 174 1557 'de
192 1515 355 1573 quibus
375 1530 513 1575 supra
533 1513 829 1572 exposuimus
849 1513 970 1556 haud
989 1511 1122 1555 facile
1144 1515 1502 1574 estpe-rspicere‚

118 1583 195 1625 sed
217 1583 272 1626 ad
293 1583 403 1626 haec
421 1592 600 1626 naturas
621 1589 799 1640 oportet
821 1581 1100 1640 praeparari,
1119 1581 1186 1624 ita
1205 1592 1256 1626 ut
1274 1582 1364 1626 iam
1385 1599 1505 1642 pu&-

117 1666 222 1693 1·um
250 1657 295 1692 et
321 1650 536 1694 iuvenem
564 1651 706 1694 multa
736 1649 836 1707 quis
871 1650 1027 1692 doccat
1047 1649 1199 1706 eisque
1228 1649 1506 1706 assueflaciat,

119 1734 315 1776 quorum
348 1734 434 1777 ope
463 1718 540 1762 illa
573 1717 810 1777 percipiam
866 1717 1075 1775 quocirca
1108 1717 1360 1776 disciplinis
1392 1735 1506 1779 opus

119 1787 232 1841 erit3
279 1795 323 1830 et
361 1787 563 1831 maxima
602 1786 784 1844 quidem
814 1786 968 1844 prima
999 1794 1064 1829 est
1097 1801 1399 1830 numerorum
1429 1789 1508 1846 ip-

120 1868 273 1896 sorum
289 1887 302 1908 ,
355 1870 448 1897 non
500 1870 665 1914 corpus
712 1854 1002 1907 habentium,
1065 1855 1143 1897 sed
1198 1870 1363 1899 eorum
1426 1858 1506 1914 qui

118 1921 377 1965 universam
414 1923 602 1980 imparis
640 1931 684 1965 et
707 1920 832 1981 paris
865 1922 1090 1979 originem
1120 1931 1165 1966 et
1195 1924 1293 1966 vim
1327 1924 1381 1966 ad
1423 1941 1506 1967 re-

119 2004 225 2031 rum
262 1998 468 2032 naturam
497 1990 786 2046 aperiendam
817 1991 1197 2046 complectuntur.
1244 1991 1361 2038 hanc
1392 2007 1505 2034 vero

121 2056 404 2114 disciplinam
429 2056 640 2113 deinceps
661 2058 865 2113 sequitur
894 2072 945 2099 ea
968 2071 1102 2112 quam
1125 2057 1370 2101 admodum
1387 2060 1505 2103 ridi-

120 2124 220 2166 culo
250 2123 448 2167 afficiunt
476 2123 661 2165 nomine
694 2123 990 2180 geometriae,
1029 2138 1170 2180 eaque
1198 2133 1262 2167 est
1282 2140 1504 2168 numero-

119 2207 225 2234 rum
257 2191 378 2234 inter
408 2207 454 2234 se
484 2200 644 2234 natura
666 2191 951 2234 dissimilium
971 2195 1249 2249 apertacum‘
1266 2194 1414 2251 planis
1438 2195 1502 2237 si-

119 2258 354 2313 militud03
379 2260 497 2315 quod
522 2259 704 2315 quidem
725 2259 992 2302 miraculum
1015 2276 1107 2302 non
1126 2259 1403 2315 humanum,
1424 2262 1503 2304 sed

120 2327 324 2368 divinum
344 2326 634 2385 perspicuum
654 2326 742 2370 erit
757 2325 1151 2385 eiquiint'elligere
1161 2330 1375 2387 potuerit.
1399 2340 1506 2388 post

121 2393 236 2435 hanc
267 2394 445 2436 numeri
474 2393 885 2446 considerandibter
914 2395 1034 2438 aucti
1065 2404 1108 2438 et
1127 2396 1294 2439 solidae
1313 2406 1502 2441 naturae

121 2461 555 2519 similes,·.itemque
600 2461 834 2505 dissimiles
866 2462 961 2505 alia
993 2463 1185 2520 quadam
1219 2464 1357 2508 simili
1388 2474 1502 2517 arte,

121 2543 255 2585 quam
283 2529 360 2586 qui
387 2529 630 2588 attigerunt
647 2531 939 2587 geometriam
957 2533 1263 2591 appellarunt3
1294 2532 1499 2577 divinum
