1670 2872
398 153 758 196 ·APOLomA
799 128 1146 194 soan'r1s2
1371 162 1461 200 109

106 267 237 331 deus,
255 283 312 329 et
329 264 441 332 ‘quid
465 272 712 331 significat?
741 256 844 315 nam
866 285 946 328 ego
977 270 1217 316 sanemihi
1234 271 1344 330 ¹ipse
1362 271 1470 316 nul'-

92 348 190 393 ,lius
208 342 391 388 omnino
414 341 617 384 conscius
633 345 735 383 sum
750 338 1005 396 sapientiae.
1036 339 1141 395 quid
1165 332 1270 398 ergo
1291 335 1468 384 tandem

104 414 231 463 dicit,
264 425 405 468 quum
442 409 504 451 ait
531 423 604 451 me
639 405 1018 465 sapientissimum
1059 407 1184 449 esse?
1219 422 1312 464 non
1348 409 1471 453 enim

100 479 302 539 proiecto
325 476 563 529 mentitur,
585 482 725 533 put03
761 487 906 530 neque
934 473 1055 516 enim
1087 472 1155 516 fas
1186 474 1264 517 illi.
1299 475 1363 518 sic
1397 476 1472 519 diu

100 546 365 597 haerebam,
404 543 510 601 quid
550 542 732 586 tandem
771 539 962 593 diceret,
994 539 1178 599 posthac
1206 543 1308 584 satis
1341 558 1473 601 aegre

101 614 156 657 ad
188 613 303 656 hanc
334 612 428 655 eius
454 610 523 653 rei
550 608 941 665 investigationem
968 623 1042 651 me
1071 609 1286 652 converti.
1311 612 1474 655 accessi

101 681 157 724 ad
179 696 335 724 eorum
356 676 576 736 quendam
606 676 683 734 qui
709 675 928 734 sapientes
958 674 1227 719 videbantur
1252 677 1378 731 esse,
1407 679 1473 722 ibi

101 749 286 791 credens
308 744 403 794 me,
435 745 473 787 si
493 759 704 801 usquam,
732 758 860 802 posse
884 757 1072 800 arguere
1093 743 1326 788 oraculum
1350 747 1472 789 eius-

102 831 188 873 que
200 827 412 873 responso
432 812 681 855 declarare:
701 811 838 854 Hicce
862 818 928 854 est
945 819 1063 853 certe
1073 810 1317 870 sapientior
1337 827 1474 870 quam

103 898 213 940 ege,
241 891 290 925 tu
321 890 470 926 autem
502 879 656 923 dixisti
679 893 765 922 me.
787 893 894 936 ergo
923 893 1061 935 quum
1093 878 1360 936 dispicerem
1389 881 1476 925 ho-

102 949 273 992 minem
297 953 309 993 ἵ
318 949 500 992 nomine
518 948 639 991 enim
663 946 891 1004 appellare
915 945 1030 988 nihil
1063 946 1244 998 attinet3
1274 958 1368 991 erat
1392 965 1475 992 au-

104 1024 196 1058 tem
219 1014 422 1061 civilium
443 1016 647 1057 virorum
681 1012 860 1070 quidam
875 1044 890 1063 ‚
922 1028 1055 1069 quem
1083 1012 1198 1054 mihi
1221 1016 1479 1072 exploranti

105 1081 191 1124 hoc
213 1081 394 1134 accidit,
422 1081 740 1134 Athenienses)
767 1080 880 1126 mihi
902 1095 1003 1123 cum
1027 1097 1078 1124 eo
1107 1081 1376 1138 colloquenti
1399 1085 1476 1127 vi-

105 1164 179 1190 sus
199 1155 264 1190 est
282 1148 357 1192 ille
387 1150 461 1192 vir
488 1165 629 1206 quum
668 1150 767 1192 aliis
798 1149 950 1193 multis
979 1147 1236 1191 hominibus
1265 1156 1360 1193 tum
1390 1152 1478 1195 sibi

106 1217 306 1258 maxime
314 1215 487 1273 sapiens
500 1216 660 1268 videri,
672 1231 817 1274 neque
831 1224 978 1259 tamen
989 1230 1095 1258 esse.
1110 1215 1270 1258 deinde
1281 1218 1476 1261 conabar

106 1284 151 1326 ei
169 1284 428 1336 ostendere,
453 1283 604 1336 ipsum
630 1291 791 1341 putare
817 1297 866 1325 se
884 1297 978 1325 esse
1010 1282 1279 1340 sapientem,
1309 1291 1354 1327 at
1379 1299 1475 1327 non

107 1365 215 1394 esse.
245 1346 304 1393 ex
331 1364 390 1394 eo>
409 1351 549 1408 igitur
579 1359 622 1394 et
653 1352 702 1394 in
732 1349 872 1408 ipsius
904 1349 1197 1394 offensionem
1226 1352 1399 1394 incurri
1432 1361 1475 1396 et

106 1418 354 1461 multorum
372 1433 530 1461 eorum
549 1418 627 1475 qui
649 1419 847 1461 aderant.
878 1419 1010 1475 atque
1033 1434 1113 1478 ego
1137 1419 1363 1462 discedens
1390 1419 1477 1462 hoo

107 1501 283 1530 mecum
303 1485 591 1544 reputabam:
615 1486 706 1529 Isto
725 1486 907 1544 quidem
925 1486 1107 1531 homine
1126 1502 1208 1545 ego
1230 1487 1476 1545 sapientior

108 1569 233 1608 sum3
260 1569 363 1596 nam
390 1543 569 1610 videtur
601 1553 782 1611 quidem
812 1563 970 1597 neuter
999 1563 1203 1598 nostrum
1235 1556 1476 1613 quicquam

109 1621 223 1672 scire
255 1621 324 1664 rei
351 1624 604 1680 praeclarae
636 1636 685 1663 ac
715 1621 881 1674 bonae,
910 1622 1049 1665 atille
1077 1631 1204 1682 putat
1231 1638 1278 1666 se
1311 1623 1477 1680 aliquid

95 1688 246 1742 scire,
272 1705 412 1746 quum
440 1688 555 1732 nihil
579 1688 711 1740 sciat,
746 1703 826 1745 ego
851 1697 1025 1742 autem,
1051 1698 1102 1732 ut
1128 1690 1243 1733 nihil
1272 1691 1388 1743 scio,
1414 1691 1478 1734 ita

110 1770 194 1798 nec
231 1757 426 1800 arbitror
463 1772 538 1800 me
577 1755 812 1814 quicquam
851 1756 978 1799 scire.
1018 1757 1158 1813 igitur
1194 1760 1364 1802 tantulo
1392 1758 1477 1802 hoc

110 1823 209 1880 ipso
239 1824 396 1867 videor
429 1839 523 1866 esse
545 1823 790 1881 sapientior
814 1824 916 1876 illo,
943 1825 1063 1881 quod
1091 1840 1204 1882 quae
1227 1826 1400 1878 nescio,
1426 1841 1478 1869 ea

112 1904 188 1933 me
207 1903 290 1932 nec
311 1899 419 1948 puto
439 1892 567 1934 scire.
586 1891 692 1933 inde
713 1906 788 1933 me
805 1890 861 1933 ad
883 1891 1019 1935 alium
1038 1893 1202 1935 contuli
1226 1909 1285 1936 ex
1302 1894 1372 1946 iis,
1400 1895 1479 1949 qui

115 1956 403 2014 sapientiores
421 1958 500 2000 illo
520 1957 819 2012 habebantur3
848 1967 892 2001 et
918 1958 1032 2001 mihi
1063 1960 1184 2001 idem
1218 1959 1302 2002 hoc
1332 1961 1478 2003 visum

109 2033 207 2083 *est3
235 2033 278 2067 et
300 2025 362 2067 ibi
382 2025 431 2065 in
456 2024 588 2066 huius
611 2033 654 2067 et
685 2019 876 2067 aliorum
911 2025 1156 2067 multorum
1188 2026 1480 2069 offensionem

115 2091 301 2134 incurri.
335 2092 493 2146 Postea.
520 2105 626 2148 ergo
661 2090 752 2134 iarn
785 2092 943 2134 ordine
967 2092 1159 2146 singulos
1188 2092 1282 2145 adi,
1322 2093 1479 2136 videns

116 2159 294 2217 quidem
327 2168 371 2202 et
410 2157 560 2202 dolens
595 2165 637 2199 et
665 2164 866 2200 metuens
907 2157 1146 2210 invidiam,
1180 2160 1479 2204 necessarium

115 2237 267 2271 tamen
310 2225 546 2269 videbatur
602 2223 800 2266 divinam
856 2239 1009 2268 vocem
1077 2226 1265 2283 plurimi
1312 2227 1476 2279 facere,

117 2293 320 2352 quocirca
353 2293 650 2337 accedendum
686 2291 799 2334 mihi
835 2307 928 2335 esse
966 2294 1215 2350 exploranti
1258 2295 1363 2351 quid
1400 2296 1477 2338 illa

117 2362 202 2404 sibi
242 2362 375 2404 vellet
413 2361 478 2403 *ad
522 2375 674 2403 omnes
707 2361 889 2404 omnino
933 2360 1009 2416 qui
1050 2360 1214 2417 aliquid
1248 2362 1361 2404 scire
1404 2364 1479 2405 vi-

120 2429 345 2472 derentur.
369 2436 498 2484 atque
522 2443 604 2485 per
631 2444 800 2481 canem,
828 2427 1119 2470 Athenienses
1142 2427 1335 2486 (oportet
1355 2430 1475 2473 euim

118 2510 276 2537 verum
298 2495 351 2537 ad
370 2511 445 2538 vos
467 2494 595 2547 dici),
623 2495 708 2537 hoc
729 2509 832 2537 sane
856 2495 966 2538 mihi
989 2496 1171 2538 accidit:
1204 2496 1279 2552 qui
1303 2511 1477 2538 summa

119 2562 336 2605 florebant
355 2562 691 2615 existimatione,
709 2562 742 2604 ii
761 2577 902 2620 paene
924 2564 1122 2605 maxime
1141 2563 1253 2606 mihi
1273 2564 1353 2605 visi
1374 2573 1475 2606 sunt

121 2630 273 2689 inopes
292 2645 363 2673 ese
384 2629 613 2687 quaerenti
633 2630 687 2671 de
705 2630 877 2674 monitu
898 2631 996 2683 dei,
1027 2631 1103 2674 alii
1126 2645 1233 2673 vero
1264 2630 1340 2686 qui
1364 2646 1474 2671 con-
