1696 2898
640 115 1056 165 CHARMIDES.
1439 121 1533 160 463

166 238 315 291 dicis?
369 239 433 284 At
458 238 578 281 hunc
606 236 847 295 equidem4
869 234 1047 293 inquit,
1077 230 1535 291 fevaliumffiQuem?

171 307 370 362 inquam.
397 304 616 362 numquid
636 306 779 349 istum·
794 302 877 362 squi
891 310 1070 362 psaeter
1092 299 1541 363 intumet-imprae-

171 373 300 416 terite
323 374 479 415 omnia
496 381 728 428 cognoscat
742 380 786 415 et
802 370 1075 429 paese-ntia,
1110 367 1313 425 nihilque
1333 366 1541 430 ignoth

166 440 547 497 ponamusenim
593 439 812 482 eiusmodi
849 439 1040 494 aliquem
1071 451 1178 479 esse.
1221 449 1369 493 neque
1405 433 1541 487 enim,

170 507 348 562 opinor,
375 507 511 550 alium
533 498 703 549 dixeris
727 505 867 563 magis
885 505 1076 552 scienter
1095 505 1251 546 vivere
1262 500 1541 560 quamhunc.

164 573 304 634 ‚Nat—10
329 573 479 618 modo.
535 573 633 617 Hoc
655 573 795 630 igitur
817 571 962 615 adhuc
986 572 1188 614 desidero
1205 584 1426 627 quaenam
1439 576 1540 625 eugn

169 641 354 683 scientia
390 641 547 685 reddat
570 640 774 692 selicem3
830 654 887 682 an
917 654 1071 682 omnes
1104 638 1277 695 aeque?
1351 636 1550 699 Minime-

171 722 339 763 aeque,
383 707 544 764 inquit.
600 709 662 751 At
697 722 915 765 quaenam
959 706 1194 749 maxime?
1239 704 1452 762 quidnam
1490 702 1546 744 de

171 774 480 831 praesentibus
521 783 567 818 et
609 775 863 832 praeteritis
898 783 943 818 et
974 773 1140 817 futuris
1169 774 1249 818 illa
1285 771 1545 828 cognoscit?

172 855 284 883 num
312 842 552 885 duodecim
573 845 846 901 scriptorum
865 843 1046 886 lusum?
1075 840 1227 898 Quem
1247 839 1410 897 inquit,
1437 854 1546 881 nar-

172 923 245 950 ras
277 909 511 952 duodecim
541 910 818 968 scriptorum
838 909 1021 954 lusum?
1079 909 1141 952 At
1159 907 1453 951 ratiocinandi
1472 922 1548 949 ar-

175 977 300 1018 tem?
357 977 564 1020 Minime.
621 979 695 1021 An
734 977 918 1020 sanandi
950 977 1126 1020 artem?
1184 975 1354 1032 Magis,
1386 974 1546 1031 inquit.

176 1041 304 1086 Illam
329 1059 436 1086 vero
458 1046 551 1098 dic,
587 1047 799 1103 inquam,
829 1060 916 1102 qua
944 1045 1144 1087 maxime
1175 1042 1345 1100 aliquid
1379 1057 1549 1098 cogno·-

174 1125 302 1152 scens
321 1112 533 1157 reddatur
558 1113 684 1157 felix.
740 1113 844 1171 Qua
864 1113 1034 1155 bonum
1049 1144 1062 1165 ‚
1098 1111 1266 1168 inquit,
1299 1117 1342 1152 et
1364 1110 1548 1172 malum·

179 1178 220 1218 Ο
251 1179 458 1231 sceleste,
495 1182 706 1238 inquam,
741 1181 909 1224 dudum
940 1196 1015 1222 me
1047 1179 1094 1222 in
1113 1179 1269 1225 orbem
1289 1177 1549 1220 circumdu-

164 1244 241 1286 -cis
255 1276 267 1297 ,
295 1247 479 1300 celans,·
492 1263 584 1291 non
610 1264 702 1291 esse
722 1249 914 1291 scienter
934 1247 1160 1291 vivere—id
1185 1245 1299 1303 quod
1317 1242 1478 1286 efficiat
1500 1252 1550 1286 ut

176 1313 293 1356 bene
327 1328 508 1370 agamus
547 1324 591 1358 et
628 1315 781 1358 felices
810 1316 974 1368 simus,
1009 1329 1092 1357 nec
1121 1312 1311 1369 reliquis
1343 1311 1550 1354 omnibus

177 1381 374 1424 scientiis
402 1381 488 1423 hoc
521 1383 768 1436 contineri,
800 1383 877 1425 sed
913 1397 1003 1424 una
1039 1390 1209 1425 tantum
1243 1380 1326 1422 hae
1359 1392 1472 1436 quae
1499 1378 1550 1421 in

178 1449 308 1491 bono>
319 1457 364 1492 et
380 1449 503 1491 malo
520 1459 752 1494 versetur⁸⁴
773 1451 865 1493 iam
887 1450 956 1492 dic
970 1481 985 1501 ‚
1012 1449 1155 1492 Critia
1168 1483 1180 1494 .
1205 1448 1244 1490 si
1263 1448 1379 1491 hanc
1400 1447 1550 1490 scien-

178 1517 289 1560 tiam
315 1517 518 1560 eximere
551 1517 620 1560 vis
652 1533 676 1559 e
696 1518 881 1575 reliquis
903 1517 1122 1567 scientiis,
1151 1531 1262 1558 num
1284 1515 1432 1558 minus
1451 1529 1552 1556 me-

180 1584 326 1627 dicina
346 1585 579 1627 sanitatem
601 1583 776 1635 efficiet,
807 1585 979 1627 sutrina
1001 1585 1171 1626 calceos
1201 1583 1419 1636 conficiet,
1446 1591 1551 1625 tex-

166 1654 298 1694 -toria
331 1660 498 1702 vestes,
547 1651 865 1707 gubernatoria
905 1651 1120 1708 impediet
1156 1650 1398 1705 quominus
1436 1649 1553 1692 mari

181 1731 419 1777 pereamus
441 1725 487 1759 et
502 1716 795 1774 imperatoria
815 1733 887 1760 ars
907 1717 1144 1774 quominus
1161 1717 1209 1758 in
1238 1716 1389 1758 bello?
1446 1717 1552 1759 Non

181 1785 360 1837 minus,
399 1784 564 1840 inquit.
621 1785 708 1835 At,
753 1802 780 1827 ο
821 1801 923 1828 care
951 1784 1116 1835 Critia,
1166 1792 1216 1826 ut
1243 1785 1358 1826 bene
1384 1783 1552 1827 horum

182 1853 381 1910 quidque
409 1851 486 1893 fiat
506 1860 638 1908 atque
656 1851 851 1904 utiliter,
889 1851 975 1893 hoc
996 1867 1077 1893 nos
1099 1850 1272 1893 deficiet
1289 1851 1366 1894 illa
1383 1851 1420 1893 si
1445 1851 1553 1893 abe-

181 1920 260 1963 rit.
314 1919 435 1963 Vera
455 1918 576 1961 dicis.
632 1919 711 1962 Illa
732 1927 907 1970 autem,
934 1929 986 1962 ut
1007 1927 1150 1976 patet,
1180 1933 1271 1960 non
1294 1926 1358 1960 est
1378 1923 1565 1975 tempe÷

182 1985 354 2039 tantia,
390 1985 467 2027 sed
497 2000 546 2027 ea
568 1985 694 2027 cuius
715 2002 876 2029 munus
903 1995 968 2029 est
985 1986 1114 2028 nobis
1133 1986 1370 2044 prodessen
1406 2000 1554 2043 neque

166 2053 306 2096 ,enim
334 2052 619 2095 scientiarum
644 2061 687 2095 et
703 2053 1038 2098 inscientiarum
1058 2053 1239 2096 scientia
1252 2063 1330 2106 est,
1355 2052 1430 2094 sed
1443 2053 1577 2105 boni,

186 2135 236 2162 ac
258 2119 389 2162 mali:
429 2129 501 2171 ut,
542 2119 580 2162 si
599 2119 708 2162 haec
730 2121 852 2163 utilis
875 2130 962 2171 est,
988 2121 1282 2178 temperantia
1302 2119 1424 2163 aliud
1445 2099 1553 2177 quid

185 2188 243 2230 sit
261 2201 394 2243 quam
414 2187 549 2229 utilis.
605 2187 700 2229 Cur
720 2196 888 2239 autem,
925 2188 1094 2244 iuquit,
1132 2188 1240 2231 haec
1258 2202 1351 2230 non
1372 2187 1552 2245 prosit?

184 2270 289 2297 nam
323 2255 359 2296 si
386 2254 674 2296 scientiarum
707 2255 890 2298 scientia
922 2255 1216 2312 temperantia
1243 2261 1308 2298 est
1339 2255 1553 2306 maxime,

189 2331 233 2365 et
255 2321 439 2378 reliquis
462 2322 716 2379 praeposita
734 2332 797 2365 est
818 2323 1030 2373 scientiis,
1057 2323 1185 2366 etiam
1208 2323 1312 2365 huic
1329 2323 1554 2380 praefecta

188 2389 398 2432 scientiae
431 2404 541 2446 quae
571 2390 619 2432 in
655 2389 770 2432 bono
792 2399 996 2433 versatur
1015 2391 1142 2435 nobis
1162 2389 1375 2448 proderit.
1431 2391 1550 2434 Num

189 2455 320 2497 etiam
357 2471 485 2498 sanos
518 2472 601 2498 nos
627 2457 804 2509 reddet,
842 2459 1051 2515 inquam,
1088 2457 1218 2507 haec,
1253 2473 1346 2500 non
1364 2458 1552 2500 medici-

186 2522 278 2564 na?
324 2532 368 2566 et
390 2524 561 2580 reliqua
592 2539 704 2581 quae
724 2525 888 2568 artium
909 2534 1011 2568 suut
1031 2525 1138 2569 haec
1158 2525 1315 2568 efficiet
1324 2557 1339 2579 ,
1364 2541 1456 2567 non
1476 2541 1551 2567 re-
