1670 2872
535 44 555 66 :⁷

539 65 551 73 ,,

435 129 835 178 ἱ’,ιι1ὀῐ,ο(“’,ῙΑ
874 133 1222 178 socRA'rls.
1445 130 1536 180 1'0‘3

165 253 340 309 inanem
362 242 559 308 pugnam
577 254 856 296 committere
874 261 919 296 et
940 247 1129 298 dicendo¹
1146 263 1191 298 et
1208 252 1531 310 redarguendo,

162 317 342 361 nemine
374 320 685 377 respondente.
714 320 864 377 itaque
896 315 1030 364 etiam
1063 337 1142 365 vos
1170 320 1450 371 existimate,
1481 329 1534 363 ut

162 400 239 441 ege
272 385 365 438 aio,
402 387 597 444 duplices
634 386 749 429 mihi
778 397 1067 432 accusatores*
1091 389 1334 441 exstitisse3
1368 388 1532 431 alteros

157 453 235 507 qui
267 454 400 495 modo
436 463 727 507 accusarunt3
765 455 926 498 alteros
956 456 1032 513 qui
1062 455 1153 499 iam
1182 455 1383 514 pridem,
1420 470 1530 512 quos

158 519 278 574 dixi3
308 536 357 563 ac
376 530 526 579 putate
544 522 659 565 mihi
681 521 937 565 faciendum
963 531 1016 566 'ut
1044 523 1252 580 adversus
1273 523 1372 565 illos
1402 527 1529 565 vete—-

154 602 227 628 ies
248 603 322 631 me
338 589 539 646 primurn
573 589 822 633 defendam
853 605 958 632 nam
987 605 1067 632 vos
1089 605 1267 647 quoque
1294 590 1384 632 illis
1403 590 1529 647 prius

152 656 457 699 accusantibus
485 672 613 700 aures
643 657 936 716 praebuistis,
974 658 1205 741 multoque
1234 657 1374 714 magis
1395 671 1528 714 quam

154 722 226 765 his
243 724 581 781 posterioribus.
1502 736 1505 740 '

261 792 354 854 Iam
374 808 449 836 me
473 792 712 835 defendere
725 800 916 850 oportet,
937 792 1251 843 Athenienses,
1270 799 1402 848 atque
1415 791 1538 834 eniti*

148 865 199 900 ut
217 855 407 910 invidia,
436 875 570 916 quam
595 876 675 903 vos
706 861 842 917 longo
859 870 1063 918 tempore
1094 865 1356 916 conceptam
1381 858 1522 899 habe*-

150 924 229 977 tis,
265 925 393 968 vobis
423 928 649 978 eximatur
684 935 775 970 tam
813 927 1188 984 brevi-tempore..
1219 925 1356 968 velim
1384 925 1523 982 igitur

147 989 234 1031 hoc
252 991 313 1034 ita
331 992 455 1045 fieri,
486 993 524 1035 si
555 993 663 1049 quid
690 994 897 1052 expediat
919 1004 964 1038 et
987 993 1113 1036 vobis
1145 992 1342 1044 etmihi,
1382 1001 1424 1035 et
1446 1009 1522 1035 re-

146 1058 407 1114 spondendo
431 1074 503 1102 me
526 1060 758 1117 quippiam
776 1060 1025 1118 proficere3
1050 1059 1126 1102 sed
1145 1059 1342 1101 arbitror
1359 1059 1405 1101 id
1429 1060 1522 1102 dif-

143 1124 277 1166 ficile
293 1141 411 1178 esse,
439 1126 716 1183 minimeque
744 1143 819 1169 me
845 1129 954 1170 latet
982 1126 1122 1184 qualis
1143 1126 1200 1167 sit
1221 1126 1288 1168 rei
1311 1126 1519 1169 conditio.

143 1206 304 1233 verum
327 1201 475 1234 tamen
496 1192 579 1235 hoc
602 1193 664 1236 ita
686 1194 883 1242 eveniat,
910 1195 976 1237 uti
998 1195 1080 1236 deo
1104 1193 1273 1251 placet3
1299 1193 1388 1250 legi
1411 1194 1519 1249 qui-

142 1257 242 1301 dem
264 1259 513 1315 parendum
534 1268 599 1302 est
620 1268 664 1302 et
682 1275 811 1302 causa
833 1261 1033 1303 dicenda.
1485 1272 1487 1275 ’
1522 1271 1525 1275 “

250 1327 401 1383 Itaque
429 1335 683 1383 repetamus
715 1343 741 1370 a
764 1328 989 1386 principio
997 1358 1013 1378 ,
1042 1340 1156 1383 quae
1186 1326 1264 1368 illa
1297 1327 1515 1369 accusatio

138 1392 197 1434 sit
211 1395 334 1436 unde
355 1402 511 1436 exorta
532 1403 594 1437 est
618 1393 804 1437 infamia
831 1410 955 1449 mea3
982 1394 1056 1437 cui
1077 1393 1255 1451 quidem
1286 1394 1514 1437 confidens

136 1461 319 1504 Melitus
347 1461 462 1503 hanc
490 1460 604 1503 mihi
640 1461 863 1505 actionem
891 1462 1105 1505 intendiu
1129 1461 1345 1517 quidnam,
1372 1461 1536 1518 igitur.

136 1526 348 1571 dixerunt
369 1527 638 1570 criminandi
661 1543 790 1571 causa
809 1529 886 1587 qui
914 1545 988 1572 me
1015 1528 1242 1572 criminati
1261 1529 1396 1571 sunt?
1425 1544 1535 1570 ve-›

132 1594 199 1637 lut
218 1604 520 1638 accusatorum
555 1596 677 1640 enim
708 1596 839 1639 nobis
871 1597 1100 1640 recitanda
1127 1605 1193 1639 est
1221 1596 1534 1643 accusationis*

133 1676 267 1718 quam
305 1671 656 1720 composuerunt
693 1656 886 1708 formula
901 1682 913 1706 x
973 1664 1002 1707 S
1016 1680 1040 1705 0
1055 1655 1114 1706 cr
1126 1678 1150 1704 a
1165 1672 1218 1706 te
1229 1680 1248 1706 s
1288 1663 1344 1704 in
1356 1662 1410 1704 iu
1421 1679 1441 1705 s
1454 1671 1467 1705 t
1481 1678 1507 1704 e

135 1729 483 1787 curioseque
525 1731 701 1784 facit,
738 1732 882 1787 quod
920 1729 1190 1788 anquirit
1223 1744 1366 1786 quae
1403 1730 1519 1771 sub·

131 1803 289 1839 terra
317 1806 449 1841 sunt
483 1789 539 1841 et
578 1798 807 1856 quaein
837 1800 1020 1847 caelo,
1061 1793 1377 1840 ethausam
1418 1797 1504 1839 in—

130 1860 414 1906 feriorem
457 1857 659 1909 efficit
698 1866 1066 1923 superiorem
1108 1865 1378 1922 aliosque
1416 1879 1503 1906 ea-

132 1927 255 1970 dem
282 1929 419 1972 haec
451 1931 630 1976 docet.

245 1995 366 2039 Talis
395 1996 492 2038 fere
521 1998 718 2041 formula
747 2007 838 2054 est3
871 2000 978 2041 talia
1009 2000 1129 2042 enim
1165 1998 1381 2041 videbatis
1412 1998 1425 2038 i
1435 1998 1507 2054 psi

131 2074 308 2117 quoque
331 2060 381 2103 in
406 2062 716 2120 Aristophanis
741 2065 991 2116 comoedia,
1028 2065 1256 2107 Socratem
1281 2063 1501 2119 quendam

126 2128 192 2170 ibi
223 2128 499 2180 traductum,
529 2131 862 2187 praedicantem
897 2145 943 2172 se
967 2146 1052 2188 per
1085 2131 1233 2173 aerem
1266 2130 1433 2187 gradiri
1456 2131 1499 2173 et

126 2196 233 2238 alias
255 2196 473 2254 plurimas
496 2212 633 2254 nugas
656 2206 882 2255 agentem,
913 2211 1107 2254 quorum
1136 2212 1216 2254 ego
1245 2197 1364 2240 nihil
1392 2213 1496 2239 om-
1514 2216 1530 2228 π

125 2263 235 2305 nino
255 2264 362 2306 scio.
383 2272 514 2320 atque
533 2264 618 2306 hoc
640 2279 730 2307 non
762 2264 861 2306 dico
883 2274 1108 2320 tamquam
1139 2272 1423 2311 contemnens
1447 2266 1495 2307 id

123 2345 261 2386 genus
284 2331 516 2383 scientiae,
545 2331 582 2373 si
606 2330 703 2387 quis
725 2332 880 2374 talium
904 2347 1056 2373 rerum
1092 2331 1264 2389 sapiens
1298 2340 1384 2374 est:
1411 2347 1494 2373 ne÷

125 2411 347 2452 quaquam
372 2411 453 2454 ego
485 2398 617 2441 tantis
646 2397 906 2441 criminibus
935 2413 961 2439 a
991 2398 1147 2441 Melito
1181 2401 1383 2440 accuser!
1416 2397 1493 2439 sed

123 2462 233 2504 mihi
255 2464 411 2506 talibus
440 2481 543 2508 cum
569 2465 728 2517 rebus,
759 2464 1075 2514 Athenienses,
1106 2465 1218 2507 nihil
1255 2476 1331 2509 est.
1361 2475 1491 2509 testes

122 2544 227 2569 vero
251 2529 366 2585 ipsos
401 2531 584 2573 adhibeo
619 2534 854 2588 plerosque
888 2540 1113 2584 vestrum,
1151 2535 1410 2590 pos-ulloque
1443 2542 1491 2574 ut

130 2611 204 2638 vos
226 2597 337 2639 alius
358 2598 492 2640 alium
524 2599 740 2642 edoceatis
767 2609 811 2642 et
845 2599 1019 2652 dicatis,
1050 2609 1262 2657 quotquot
1294 2616 1368 2642 me
1389 2613 1491 2641 um·-
