1696 2898
588 187 1012 235 CHARMIDES.
1395 199 1488 235 437

117 309 332 369 poi-:mata-
361 308 605 366 adspiciens
629 305 769 363 igitur
791 320 895 348 eum
906 338 920 357 ‚
950 307 1038 359 Ita,
1067 307 1324 360 arbitraris,
1344 309 1487 353 Char-

114 377 265 429 mide,
305 377 343 418 si
371 384 420 418 tu
445 375 587 417 nescis
606 374 712 430 quid
734 375 912 416 tandem
936 375 1125 417 senserit
1142 375 1179 416 is
1199 376 1275 432 qui
1293 377 1491 434 posuerit

117 444 459 502 temperantiam
485 456 579 483 esse
599 456 732 491 suum
755 440 931 490 facere,
960 456 1042 483 nec
1062 441 1192 487 illum
1210 443 1357 485 scire?
1408 443 1486 496 At,

113 511 179 554 mi
197 511 366 569 optime
384 542 396 563 ‚
424 510 629 567 inquam,
660 507 828 559 Critia,
861 507 982 549 hunc
1000 508 1182 565 quidem
1203 525 1295 552 non
1314 520 1380 554 est
1400 511 1488 553 mi*

114 595 221 622 rum
253 578 463 636 ignorare
499 593 638 634 quum
661 577 708 619 id
725 576 783 618 sit
804 575 980 628 aetatis,
1021 583 1064 618 te
1084 585 1235 618 autem
1254 591 1358 618 sane
1380 592 1488 620 con-

108 653 378 688 ·scntaneum
400 645 600 687 est-scire
623 651 714 687 tam
739 644 895 687 aetatis
918 657 1050 700 quam
1069 643 1203 686 studii
1229 658 1371 686 causa.
1397 646 1489 687 iam

117 712 156 755 si
187 711 391 754 concedis
423 707 540 752 hanc
573 725 666 753 esse
693 711 1038 768 temperantiam
1068 725 1202 766 quam
1220 710 1294 753 hic
1321 711 1430 755 dicit
1447 720 1492 754 et
1542 704 1544 707 ’

117 794 372 839 sermonem
404 778 614 836 suscipis,
668 779 873 836 equidem
906 778 1049 822 multo
1087 777 1297 822 libentius
1339 771 1489 823 tecum

117 846 405 891 considerabo
426 854 582 890 utrum'
605 861 763 888 verum
782 846 838 889 sit
861 859 1001 888 nec-ne
1020 845 1106 886 hoc
1137 846 1257 902 quod
1287 846 1488 903 positum

119 922 198 958 est.
262 914 378 958 Sane
417 913 612 956 concedo
628 945 640 965 ,
685 913 856 970 inquit,
906 922 949 956 et
981 912 1177 969 suscipio
1217 928 1487 956 sermonem.

117 982 238 1025 Bene
255 981 420 1038 igitur,
446 981 654 1038 inquam,
682 980 806 1023 facis.
836 990 966 1037 atque
989 980 1059 1022 dic
1078 979 1214 1022 mihi:
1241 994 1292 1021 ea
1312 995 1491 1038 quoque

117 1048 242 1105 quaev
259 1049 390 1091 modo
409 1047 740 1104 interrogabam
762 1045 991 1100 concedis,
1029 1046 1212 1104 opifices
1242 1062 1397 1090 omnes
1419 1048 1490 1090 fa-

117 1115 282 1170 bricari
310 1116 510 1172 aliquid?
565 1115 662 1172 Ego
692 1131 813 1160 sane.
867 1115 987 1158 Num
1017 1115 1155 1170 igitur
1176 1114 1389 1158 videntur
1406 1115 1491 1159 tibi

117 1198 195 1225 sua
220 1190 394 1226 tantum
415 1182 652 1236 fabricari,
692 1198 749 1224 an
771 1182 904 1224 etiam
924 1196 995 1223 res
1015 1189 1283 1225 ceterorum.
1339 1182 1491 1225 Etiam

115 1258 383 1292 ceterorum.
447 1251 771 1307 ‘temperantes
802 1246 941 1306 igitur
969 1256 1073 1291 sunt
1100 1264 1191 1292 non
1219 1263 1299 1292 sua
1316 1256 1490 1292 tantum

115 1316 417 1359 fabricantes?
470 1315 595 1372 Quid
629 1317 750 1359 enim
781 1315 1005 1372 impedit?
1043 1316 1206 1373 inquit.
1263 1315 1391 1359 Nihil
1414 1332 1490 1360 me

119 1383 315 1442 quidem,
349 1383 548 1443 inquam,
579 1391 623 1425 at
644 1383 746 1426 vide
766 1398 822 1424 ne
842 1382 973 1426 illum
993 1383 1210 1442 impediat
1231 1383 1322 1439 qui,
1350 1399 1490 1441 quum

117 1451 329 1495 sumserit
357 1452 699 1508 temperantiam
731 1465 823 1492 esse
854 1465 932 1492 sua
968 1451 1142 1504 facere,
1185 1451 1347 1495 deinde
1376 1451 1491 1495 nihil

117 1518 233 1561 dicat
262 1517 483 1575 impedire
513 1518 751 1574 quominus
785 1517 919 1560 etiam
948 1520 1025 1576 qui
1053 1534 1165 1575 quae
1190 1519 1383 1562 aliorum
1403 1519 1492 1561 sint

116 1601 189 1628 res
210 1584 375 1627 faciant
396 1593 694 1641 temperantes
713 1584 811 1627 sint.
867 1585 962 1642 Ego
980 1586 1174 1635 scilicet,
1203 1585 1374 1642 inquit,
1403 1585 1490 1627 hoc

119 1652 315 1695 concessi
342 1666 420 1693 eos.
445 1652 521 1707 qui
550 1651 743 1692 aliorum
769 1666 841 1693 res
864 1651 1026 1694 faciant
1046 1660 1346 1708 temperantes
1370 1666 1490 1705 esse3

121 1736 179 1762 an
219 1718 296 1773 qui
327 1716 604 1760 fabricentur
636 1733 708 1760 eos
740 1717 966 1760 concessi?
1025 1718 1110 1762 Dic
1143 1718 1281 1769 mihi,
1304 1718 1490 1774 inquam

120 1803 213 1831 non
234 1787 352 1843 idem
373 1800 504 1835 vocas
516 1785 723 1828 fabricari
737 1794 778 1828 et
788 1785 973 1828 facere?
998 1785 1304 1842 Nequaquam,
1326 1785 1490 1842 inquit,

122 1870 266 1912 neque
287 1855 421 1898 etiam
443 1854 622 1911 operari
643 1861 685 1894 et
695 1852 920 1895 fabricari.
947 1853 1082 1895 didici
1095 1854 1220 1896 enim
1229 1854 1282 1895 ab
1294 1853 1486 1896 Hesiodo

122 1923 201 1980 qui
223 1921 457 1979 dixitopus
471 1920 657 1962 minime
670 1935 761 1962 esse
773 1920 989 1962 dedecori.
1012 1930 1199 1978 putasne
1211 1935 1330 1971 eum,
1350 1920 1387 1962 si
1399 1919 1488 1962 hu-

123 1989 318 2033 iusmodi
340 1988 535 2032 actiones
553 1994 750 2029 vocasset
769 2002 906 2044 opera
918 1996 960 2030 et
970 1988 1019 2030 in
1029 1987 1097 2030 his
1110 1988 1295 2031 dixisset
1307 1987 1486 2044 operari

126 2067 168 2100 et
188 2057 349 2104 facere,
361 2054 509 2111 quales
526 2063 572 2096 tu
582 2069 697 2095 nunc
708 2054 1002 2106 memorabas,
1014 2055 1343 2098 affirmaturum
1351 2054 1375 2096 f
1374 2054 1488 2097 uisse

123 2123 298 2167 nemini
317 2136 410 2164 esse
442 2121 649 2164 dedecori
685 2120 851 2163 calceos
888 2120 1105 2164 conficere
1128 2121 1202 2164 vel
1225 2121 1487 2163 salsamenta

123 2189 319 2234 vendere
343 2188 414 2229 vel
435 2188 447 2228 i
455 2197 482 2228 n
503 2187 610 2229 cella
630 2179 882 2230 meretricia
900 2188 1090 2231 sedere-¹?
1125 2203 1219 2230 non
1237 2189 1486 2233 esteexisti-

127 2254 559 2307 mandum,Socrate,
581 2254 655 2295 sed
676 2256 750 2297 ille
771 2270 962 2312 quoque,
982 2264 1031 2298 ut
1054 2255 1264 2307 arbitror,
1286 2255 1483 2298 effectio-

128 2340 231 2368 nem
254 2324 308 2365 ab
331 2323 501 2364 actione
514 2330 554 2363 et
572 2323 827 2380 operatione
838 2323 1058 2365 diversam
1072 2323 1213 2374 duxit,
1234 2331 1275 2365 et
1287 2322 1482 2365 effectio-

128 2405 233 2433 nem
254 2404 590 2444 nonnumquam
619 2390 823 2433 dedecori
847 2406 955 2440 esse,
976 2391 1011 2431 si
1034 2405 1058 2430 a
1082 2389 1485 2447 pulchroalienasit

131 2473 242 2513 opus
278 2472 384 2499 vero
414 2471 657 2512 numquam
685 2473 776 2500 esse
800 2466 959 2515 turpe3
987 2457 1170 2514 pulchre
1193 2457 1312 2500 enim
1333 2468 1373 2501 et
1394 2458 1485 2498 uti-

133 2525 237 2567 liter
264 2523 417 2565 effecta
449 2524 624 2566 vocavit
657 2540 816 2582 opera,
849 2534 891 2568 et
922 2525 1198 2582 operationes
1228 2532 1271 2568 et
1291 2525 1485 2566 actiones

132 2590 388 2634 huiusmodi
409 2590 672 2636 elrectinnes.
712 2592 799 2634 diei
823 2608 929 2636 vero
954 2601 1128 2650 oportet
1147 2593 1278 2637 etiam
1297 2591 1485 2651 propria

133 2659 227 2702 sola
249 2657 352 2700 talia
372 2672 471 2700 eum
495 2658 779 2714 existimasse,
808 2659 1010 2706 nocitura
1034 2676 1139 2703 vero
1158 2660 1309 2705 omnia
1328 2658 1486 2701 aliena.
