1734 2872
614 136 1077 180 THEAGEsm
1420 145 1512 186 387

235 248 343 307 „Dm
404 257 606 315 Theages
628 262 692 309 est
713 254 755 297 ei
774 268 968 307 nomen,
995 253 1193 298 Socrate.

251 326 324 370 So.
381 325 625 370 Pulchrum
643 336 774 373 sane,
804 321 1087 375 Demodoce‚
1126 321 1221 364 filio
1239 335 1402 368 nomen
1421 310 1512 369 iin-·-

139 393 325 453 posuisti
348 402 479 451 atque
500 389 731 443 divinum:
752 389 838 432 Dic
857 389 997 446 igitur
1006 389 1151 442 nobis,
1182 389 1377 448 Theage,
1401 409 1509 450 cen-

139 461 367 520 cupiscere
387 469 431 503 te
450 459 513 502 ais
532 458 777 516 sapientem
799 458 1016 499 exsistere
1041 463 1085 498 et
1105 456 1219 513 petis
1241 472 1265 498 a
1284 467 1412 515 patre
1432 470 1508 504 tuo

136 529 221 572 hoc
241 535 291 571 ut
319 526 473 575 virum
492 524 701 583 exquirat
727 524 803 584 qui
826 522 1149 567 consuetudine
1176 538 1254 565 sua
1273 532 1315 567 te
1333 528 1510 584 sapien·
1565 560 1569 562 .

139 604 232 640 tem
251 595 408 640 reddat
422 595 444 638 ‘I

224 651 368 707 'Tha
423 660 587 705 Efiam.

251 731 320 774 So.
379 729 609 787 Sapientes
630 741 740 771 vero
764 735 920 770 utrum
939 726 1048 770 dicis
1059 726 1247 772 scientes
1258 727 1524 777 enimcum-⁴x

141 813 226 856 que
244 797 313 840 rei
332 797 518 855 scientes
538 797 651 850 sint,
677 811 733 839 an
752 795 998 840 nescientes
1013 797 1035 839 ?

258 863 366 909 The.
423 863 624 908 Scientes
648 863 854 920 equidem
881 863 997 907 dico.
1026 903 1030 910 ,,

253 933 322 976 So.
380 930 504 990 Quid
523 931 692 988 igitur?
719 946 870 973 nonne
883 926 1018 988 spater
1035 927 1509 977 teinstituendumcu-

139 998 258 1043 ravit
290 1000 345 1041 iis
376 997 534 1056 quibus
566 997 641 1039 hic
670 998 807 1040 ceteri
828 993 1165 1050 institutisunt,
1209 999 1284 1054 qui
1302 999 1513 1045 honesto-

139 1081 242 1109 rum
263 1081 312 1109 ac
336 1066 558 1115 bonorum
582 1074 764 1123 patrum
781 1065 864 1108 filii
887 1075 1015 1119 sunt,
1046 1075 1097 1109 ut
1116 1066 1296 1118 litteris,
1334 1077 1429 1111 arte
1446 1071 1513 1112 ci-

138 1133 268 1176 thara
296 1133 506 1188 canendi,
553 1131 751 1176 luctandi
795 1141 839 1176 et
866 1148 980 1190 quae
1006 1133 1205 1192 reliquae
1234 1143 1336 1177 sunt
1359 1137 1513 1192 palae-2

139 1199 332 1254 siricae?

255 1267 361 1310 The.
418 1267 495 1311 Me
517 1281 639 1333 vero.

251 1335 324 1378 So.
381 1335 542 1378 Adhuc
591 1334 818 1376 existimas
854 1342 899 1376 te
940 1333 1125 1378 scientia
1168 1333 1314 1394 aliqua
1340 1351 1508 1392 carere,

141 1417 272 1459 quam
295 1411 469 1460 patrem
489 1401 568 1445 tibi
590 1402 824 1460 impertire
849 1416 959 1461 opor
964 1402 1085 1446 teat?

258 1470 365 1514 The.
420 1468 662 1513 Existimo.

251 1538 323 1581 So.
352 1588 354 1591 ,
382 1537 617 1596 Quaenam
638 1545 703 1581 est
722 1536 865 1584 haec?
892 1537 965 1582 dio
983 1535 1112 1582 nobis
1129 1553 1325 1597 quoque,
1352 1549 1403 1583 ut
1428 1539 1511 1583 tibi

143 1605 446 1662 obsequamur.
1060 1602 1067 1605 ’
1092 1600 1097 1605 “

258 1671 363 1716 lee.
429 1671 513 1715 Hic
550 1671 641 1714 iam
674 1670 775 1724 scit,
806 1671 1015 1724 Socrate,
1056 1687 1193 1729 quum
1227 1675 1398 1731 saepius
1431 1670 1530 1730 ego⁷

141 1738 230 1797 ipsi
252 1739 472 1793 dixerim3
509 1749 552 1783 at
568 1738 683 1796 *haec
704 1739 757 1782 de
770 1739 989 1782 indum-ia
1010 1739 1092 1782 tibi
1115 1740 1247 1791 dicit,
1288 1742 1410 1797 quasi
1441 1742 1513 1783 vi·-

145 1806 300 1849 delicet
328 1807 493 1850 nesciat
522 1806 628 1864 quid
661 1822 740 1864 ego
775 1807 1112 1864 concupiscam3
1145 1808 1305 1850 talibus
1326 1809 1446 1859 enim
1469 1816 1513 1852 et

144 1882 373 1929 praeterea
394 1875 492 1916 aliis
512 1875 662 1917 verbis
683 1873 893 1917 adversus
915 1890 988 1917 me
1008 1873 1179 1932 pugnat
1197 1890 1280 1918 nec
1304 1877 1511 1933 cuiquam

146 1953 219 1981 me
239 1940 331 1982 volt
353 1940 678 1983 commendare.

256 2008 328 2050 So.
386 2008 447 2050 At
471 2023 580 2064 quae
610 2016 710 2050 ante
740 2006 846 2050 huic
879 2008 1031 2052 dixisti
1067 2009 1192 2066 quasi
1214 2009 1310 2052 sine
1329 2008 1510 2052 testibus

146 2082 251 2116 sunt
279 2075 416 2127 dicta3
452 2090 571 2117 nunc
598 2089 706 2117 vero
741 2091 815 2117 me
847 2076 1066 2119 constitue
1099 2085 1256 2118 testem
1285 2083 1330 2116 et
1360 2092 1511 2121 coram

146 2156 220 2183 me
248 2141 421 2184 declara
451 2156 668 2200 quaenam
700 2143 757 2185 sit
782 2141 965 2185 scientia
991 2143 1074 2185 ista
1109 2156 1242 2199 quam
1273 2143 1506 2188 desideres.

146 2223 227 2266 age
248 2210 366 2252 enim
378 2243 392 2262 ,
422 2209 458 2252 si
479 2210 750 2252 desiderares
771 2225 868 2260 eam
887 2219 1053 2262 artem,
1090 2225 1176 2266 qua
1198 2209 1404 2254 homines
1423 2227 1509 2254 na·-

146 2291 224 2318 ves
262 2277 534 2334 gubernant,
578 2287 621 2320 et
653 2292 734 2334 ego
767 2291 825 2318 ex
857 2285 901 2319 te
930 2293 1192 2334 quaererem
1221 2279 1260 2320 O
1293 2279 1512 2336 Theages,'

148 2357 385 2399 quamnam
422 2344 674 2388 desiderans
691 2342 951 2402 sapientiam
970 2352 1144 2407 patre-m
1167 2346 1369 2404 increpas
1391 2349 1510 2404 quod

147 2409 264 2453 nolit
296 2427 451 2456 eorum
477 2412 683 2470 cuiquam
703 2421 748 2456 te
767 2412 1077 2457 commendare
1100 2428 1183 2470 per
1203 2415 1507 2471 quos'sapiens

147 2478 287 2533 possis
317 2481 561 2523 exsistere?
594 2480 767 2538 qualem
796 2480 924 2527 istam
943 2495 1036 2524 esse
1055 2480 1167 2525 mihi
1185 2481 1508 2540 responderes?

150 2559 302 2587 nonne
321 2546 595 2602 gubernandi
613 2546 786 2592 artem?

265 2612 371 2658 The.
428 2615 564 2660 Vero.

1108 2682 1141 2727 B
1155 2684 1180 2727 b
1212 2697 1235 2726 2
