1696 2898
690 80 987 122 LY81s.
1420 94 1512 131 577

135 198 255 252 Non,
283 206 334 241 ut
351 196 465 239 mihi
484 196 689 251 videtur,
713 198 888 255 inquit,
917 198 1029 242 sicut
1053 199 1235 256 quidem
1256 216 1377 244 nune
1397 200 1511 247 dici-

136 275 227 309 tur.
280 264 476 316 Utrum,
514 265 724 322 inquam,
764 281 849 322 per
873 266 1000 318 deos,
1041 266 1078 310 si
1093 269 1266 311 malum
1290 268 1507 318 interiret,
1541 300 1556 314 1

133 328 281 390 neque
303 331 445 375 fames
472 346 617 388 neque
646 332 742 374 sitis
773 347 920 389 neque
947 334 1068 377 aliud
1103 334 1211 390 quid
1231 334 1397 377 horum
1416 335 1508 378 iam

133 401 283 444 esset?
322 414 380 443 an
402 398 544 442 fames
571 398 752 455 quidem
783 408 919 451 esset,
957 401 995 442 si
1028 399 1232 444 homines
1267 409 1310 443 et
1339 402 1509 458 reliqua

131 465 343 508 animalia
362 465 583 518 viverent,
612 480 759 522 neque
779 474 929 509 tamen
946 467 1151 510 nocitura
1165 467 1186 509 ’ἓ
1222 476 1266 509 ct
1287 468 1382 511 sitis
1403 469 1507 529 qui-7

131 532 234 573 dem
263 531 558 588 reliquaeque·
580 532 872 589 cupiditates,
911 533 987 575 sed
1017 549 1110 576 non
1130 535 1300 587 malae,
1338 536 1507 593 quippe

127 598 249 641 malo
282 597 542 640 exstincto?
593 613 652 639 an
678 599 867 642 ridicula
900 609 965 643 est
1002 602 1224 658 quaestio,
1269 602 1373 658 quid
1407 612 1505 645 tum

127 665 335 709 futurum
354 665 435 715 sit,
463 663 568 720 quid
588 679 681 708 non
701 665 792 720 sits?
829 666 927 722 quis
950 668 1071 710 enim
1096 669 1210 712 scit?
1247 677 1290 711 at
1309 669 1393 712 hoc
1414 671 1503 712 sci-

127 747 230 775 mus
253 747 375 774 nunc
408 745 583 788 quoque
615 745 746 788 posse
776 732 1047 785 esurientem
1065 735 1177 779 laedi
1195 767 1206 786 ‚
1242 751 1372 792 posse
1391 753 1501 781 vero

128 800 262 842 etiam
289 798 463 852 iuvari3
500 800 686 841 nonne?
756 799 873 844 Sane
905 799 1101 856 quidem.
1166 801 1329 846 Nonne
1366 804 1500 849 etiam

124 866 278 908 sitiens
302 880 548 923 rerumque
579 866 857 924 reliquarum
891 866 1151 909 huiusmodi
1183 870 1387 912 omnium
1416 886 1498 928 ap-

122 940 278 991 petens
297 939 448 991 potest
468 948 804 990 nonnumquam
827 934 1000 978 utiliter
1018 945 1240 994 appetere,
1271 952 1498 982 nonnum-

124 1015 258 1057 quam
291 1001 566 1059 perniciose,
623 1010 668 1044 et
695 1001 926 1054 interdum
961 1012 1168 1046 neutram
1203 1004 1252 1046 in
1287 1006 1495 1061 partem?

120 1069 310 1114 Prorsus
338 1068 424 1111 isto
453 1069 603 1112 modo.
668 1069 826 1126 Itaque
851 1069 890 1111 si
920 1070 1037 1115 mala
1069 1070 1349 1125 interierint,
1388 1072 1498 1128 qnid

119 1135 176 1178 iis
205 1151 318 1193 quae
343 1152 436 1179 non
468 1129 558 1180 sint
585 1136 703 1180 mala
731 1138 994 1180 convenerit
1025 1152 1116 1179 una
1151 1152 1252 1181 cum
1271 1138 1399 1180 malis
1420 1138 1496 1180 in·-

118 1204 290 1246 terire?
344 1203 550 1249 Minime.
607 1204 758 1247 Erunt
779 1219 884 1261 ergo
902 1201 1166 1262 cupiditates
1185 1218 1330 1261 neque
1350 1203 1495 1249 bonae

117 1285 262 1327 neque
281 1264 439 1321 malae,
465 1271 601 1315 etiam
622 1272 660 1314 si
683 1271 942 1315 interierint
961 1272 1094 1315 mala.
1132 1272 1272 1315 Patet.
1310 1270 1492 1314 Fierine

119 1345 269 1380 autem
287 1345 435 1395 potest
463 1346 515 1381 ut
544 1345 759 1396 appetens
786 1346 830 1380 et
858 1352 1010 1382 amans
1031 1338 1078 1381 id
1103 1337 1222 1395 quod
1241 1346 1420 1396 appetat
1447 1347 1495 1381 et

119 1413 240 1448 amet
280 1420 375 1447 non
411 1404 561 1446 amet?
626 1404 733 1447 Non
763 1402 879 1449 mihi
908 1406 1091 1461 quidem
1119 1405 1313 1448 videtur.
1379 1404 1493 1450 Sunt

119 1486 226 1529 ergo
258 1472 392 1515 etiam
419 1470 549 1514 malis
570 1470 826 1518 exstinctis,
867 1480 921 1527 ut
945 1471 1150 1526 videtur,
1187 1471 1330 1515 amica
1350 1485 1489 1527 quae-

117 1539 235 1588 dam,
286 1539 450 1581 Etiam.
503 1535 697 1577 Minime
721 1547 846 1585 vem,
877 1533 915 1575 si
938 1537 1107 1578 malum
1125 1546 1239 1579 esset
1260 1553 1390 1581 causa
1409 1553 1488 1580 cur

114 1603 284 1662 aliquid
307 1601 503 1644 amicum
524 1606 662 1652 esset,
689 1598 777 1641 hoc
800 1599 922 1643 enim
943 1601 1165 1645 exstincto
1180 1602 1377 1646 amicum
1393 1619 1488 1647 non

114 1671 233 1714 foret
250 1668 444 1712 alterum
463 1666 592 1710 alteri
603 1683 619 1719 3
645 1681 751 1710 nam
773 1681 902 1709 causa
919 1666 1091 1710 sublata
1113 1667 1204 1711 iam
1225 1684 1319 1712 non
1340 1679 1488 1726 potest

113 1738 163 1782 id
194 1751 289 1779 esse
320 1734 448 1777 cuius
481 1748 611 1776 causa
644 1733 723 1776 issa
751 1740 829 1775 est.
879 1733 1017 1777 Recte
1047 1733 1260 1790 loqueris.
1323 1736 1484 1780 Nonne

102 1803 413 1849 concessimus
440 1799 636 1845 amicum
664 1815 815 1843 amare
851 1799 1019 1856 aliquid
1056 1809 1099 1843 et
1134 1801 1190 1843 ob
1208 1802 1402 1859 aliquid,
1438 1814 1483 1848 et

110 1871 372 1932 putavimus
400 1876 499 1911 tum
533 1867 591 1909 ob
625 1867 794 1910 malum
825 1867 873 1910 id
904 1862 1022 1924 quod
1047 1882 1192 1924 neque
1210 1869 1379 1912 bonum
1397 1885 1482 1912 ne-

112 1954 200 1997 que
221 1937 388 1982 malum
415 1943 528 1977 esset
543 1934 714 1978 bonum
737 1933 921 1976 amare?
975 1932 1111 1978 Vero.
1166 1935 1296 1979 Nunc
1317 1945 1480 1990 autem,

111 2015 166 2050 ut
180 2013 326 2064 patet,
357 2002 445 2046 alia
470 2001 648 2045 videtur
676 2015 806 2044 causa
829 2015 922 2043 esse
942 2001 998 2043 ob
1018 2015 1151 2058 quam
1174 2002 1342 2059 aliquid
1361 2011 1478 2046 amet

114 2083 161 2118 et
191 2080 377 2117 ametur.
437 2069 572 2121 Patet.
634 2068 757 2112 Num
787 2068 925 2126 igitur
949 2082 1132 2121 revera,
1180 2069 1474 2125 quemadmo-

113 2141 219 2183 dum
239 2139 392 2198 paullo
409 2146 511 2181 ante
534 2135 810 2190 dicebamus,
853 2135 1071 2193 cupiditas
1088 2136 1308 2179 amicitiae
1327 2151 1471 2187 causa,

27 2259 36 2264 Ι
114 2215 161 2251 et
176 2205 491 2264 concupiscens
513 2202 707 2247 amicum
735 2211 798 2246 est
819 2204 860 2244 ei
882 2202 1001 2259 quod
1025 2203 1295 2260 concupiscit
1311 2213 1354 2246 et
1376 2213 1472 2246 tum

70 2324 76 2329 ,
111 2289 255 2334 quum
272 2271 564 2331 concupiscit,
590 2270 710 2328 quod
731 2286 836 2313 vero
854 2270 982 2328 prius
1004 2269 1259 2313 dicebamus
1282 2271 1471 2318 amicum

114 2357 233 2395 esse,
281 2342 421 2384 instar
445 2353 662 2395 nugarum
697 2346 816 2389 erat,
866 2346 1090 2394 tamquam
1124 2337 1286 2395 poe'ma
1303 2346 1471 2381 temere

113 2407 443 2467 compositum?
501 2405 712 2457 Videtur,
748 2404 907 2461 inquit.
970 2404 1066 2446 Iam
1098 2418 1231 2456 vero,
1272 2405 1469 2462 inquam,

113 2475 427 2533 concupiscens
437 2473 482 2515 id
494 2488 580 2529 quo
593 2472 762 2529 indiget
783 2470 1081 2528 concupiscit3
1101 2472 1282 2513 nonne?
1311 2472 1466 2512 Etiam.

114 2543 324 2599 Indigens
341 2541 479 2599 igitur
500 2540 693 2585 amicum
716 2539 758 2583 ei
777 2554 866 2597 quo
886 2537 1084 2600 indiget?
1142 2538 1328 2582 Videtur
1347 2534 1467 2580 milii.

1075 2605 1203 2648 002
