1734 2872
679 254 998 296 CRITO.
1448 266 1536 305 165

265 376 340 418 So.
384 376 498 419 Sunt
518 373 612 420 ista.
637 370 714 414 sed
731 371 856 428 quid,
880 386 1058 428 quaeso,
1081 380 1170 416 tam
1192 386 1324 417 mane
1336 376 1530 420 venisti?

270 442 344 484 Cr.
383 442 429 484 N
430 440 636 493 uncium,
660 439 726 482 mi
745 439 951 497 Socrate,
979 439 1119 482 affero
1139 441 1379 484 molestum
1395 475 1408 495 ,
1435 459 1528 487 nou

154 510 262 563 tibi,
299 517 350 552 ut
383 509 591 566 equidem
620 506 777 559 video,
816 506 897 549 sed
925 505 1041 548 mihi
1071 507 1248 563 tuisque
1270 511 1528 553 necessariis

151 576 421 631 omnibus,et
441 576 682 620 molestum
701 582 746 618 et
765 588 973 632 gravem:
1001 587 1090 630 quo
1111 573 1226 618 nihil
1247 591 1327 633 ego
1345 577 1527 634 gravius

154 645 308 688 tulisse
326 643 440 686 mihi
457 643 629 687 videor.
1519 648 1534 701 ῤ’

262 711 337 755 So.
389 711 590 770 'Qualem
612 710 863 754 nuncium?
891 723 949 762 an
966 709 1080 752 Delo
1100 708 1238 754 rediit
1256 713 1409 765 navis,
1439 727 1528 769 qua

149 794 332 823 reversa
351 779 468 821 mori
489 794 563 821 me
585 777 795 837 oportet?
950 830 953 832 q

266 847 338 889 (ff.
393 847 500 889 Non
526 846 661 897 rediit
680 859 813 899 sane3
853 852 900 889 at
919 845 1123 889 reditura
1142 845 1279 888 hodie
1298 861 1391 888 esse
1411 846 1526 889 mihi

151 914 329 958 videtur
360 929 419 957 ex
446 914 502 956 iis
537 928 650 970 quae
680 912 946 957 renunciant
969 912 1203 964 nonnulli,
1248 913 1367 969 quie
1386 913 1525 977 Sunio

151 989 373 1024 venerunt
402 988 447 1022 et
471 980 537 1022 ibi
566 980 850 1036 reliquerunt
869 995 983 1022 eam.
1020 980 1090 1021 his
1110 979 1248 1035 igitur
1269 994 1327 1021 ex
1349 980 1525 1023 nunciis

152 1057 325 1092 certum
345 1056 422 1100 est,
448 1046 693 1090 redituram
714 1046 846 1089 hodie
872 1061 992 1100 esse3
1013 1047 1164 1104 itaque
1189 1060 1284 1087 cras
1310 1045 1409 1099 tibi,
1438 1046 1524 1089 So-

150 1125 295 1167 crate,
324 1129 503 1158 necesse
526 1116 614 1158 erit
631 1114 724 1158 vita
744 1113 980 1156 excedere.

258 1184 332 1227 So.
389 1182 499 1232 Iam,
529 1180 648 1238 quod
668 1182 783 1224 bene
804 1189 962 1232 vertat,
1002 1180 1149 1234 Crito,
1179 1181 1218 1224 si
1235 1181 1298 1224 ita
1318 1180 1401 1223 diis
1423 1182 1522 1238 pla-

148 1259 244 1303 cet,
278 1250 343 1292 ita
377 1256 482 1291 esto.
527 1263 672 1305 neque
707 1254 860 1290 tamen
886 1247 1020 1292 credo
1044 1256 1283 1292 venturam
1305 1263 1404 1291 eam
1428 1263 1522 1290 esse

146 1317 295 1360 hodie.
875 1314 878 1318 ⁵

261 1383 333 1427 Cr.
389 1381 521 1427 Unde
538 1381 586 1424 id
602 1381 818 1425 conficis?
1564 1438 1566 1441 .

256 1452 328 1496 So.
384 1450 481 1507 Ego
514 1449 598 1492 tibi
630 1449 790 1492 dicam.
827 1449 994 1493 etenim
1020 1452 1265 1509 postridie,
1298 1452 1348 1495 ni
1373 1450 1519 1504 fallor,

146 1519 265 1564 mori
284 1533 357 1561 me
377 1525 556 1575 oportet
575 1517 672 1559 eius
693 1517 785 1560 diei
802 1532 889 1574 quo
909 1517 1026 1561 redit
1048 1519 1187 1564 navis.

259 1586 331 1630 Cr.
388 1585 463 1630 Sic
481 1585 662 1643 quidem
683 1594 803 1629 certe
822 1586 962 1637 aiunt,
993 1586 1154 1643 quibus
1175 1587 1270 1629 eius
1290 1586 1359 1629 rei
1385 1594 1517 1643 pote-

145 1665 230 1700 stas
261 1663 341 1697 est.

253 1723 325 1766 So.
371 1721 473 1765 Non
491 1720 630 1778 igitur
648 1722 831 1764 instanti
850 1721 921 1764 die
937 1719 1184 1765 redituram
1204 1736 1365 1763 navem
1394 1720 1514 1762 arbi-2

144 1801 264 1842 tror,
298 1788 375 1832 sed
405 1789 632 1846 proxima.
668 1789 858 1832 coniicio
877 1797 1025 1844 autem
1045 1803 1104 1831 ex
1126 1789 1301 1831 somnio
1323 1788 1517 1845 quodam

146 1857 263 1914 quod
292 1855 430 1915 paulo
458 1863 559 1898 ante
585 1855 681 1899 vidi
702 1856 788 1899 hac
804 1856 903 1915 ipsa
915 1865 1077 1911 nocte3
1114 1866 1158 1900 et
1177 1864 1517 1915 peropportune

147 1922 312 1967 videris
332 1937 406 1964 me
425 1938 518 1965 non
542 1924 787 1968 suscitasse.
817 1967 836 1988 ἱ,

263 1988 338 2031 Cr.
395 1988 520 2044 Quid
534 1990 714 2033 tandem
732 1992 781 2034 id
801 1999 896 2034 erat
913 1991 1109 2034 somnii?

258 2056 334 2099 So.
381 2054 629 2099 Videbatur
647 2056 762 2099 mihi
779 2057 944 2100 mulier
962 2057 1135 2099 adstare
1151 2056 1340 2113 pulchra
1360 2063 1402 2098 et
1412 2053 1515 2098 for-

143 2138 293 2176 mosa,
320 2121 515 2165 candidis
534 2122 692 2166 induta
708 2123 1011 2178 vestimentis,
1044 2138 1207 2180 meque
1229 2123 1413 2167 nomine
1434 2137 1513 2180 ap-

144 2192 314 2249 pellare
337 2198 380 2232 et
402 2189 571 2232 dicere:
629 2190 669 2232 O
689 2189 886 2241 Socrate,

200 2258 404 2302 Tertia
428 2258 531 2300 lux
559 2256 759 2300 reddet
777 2256 1016 2301 Phthiae
1038 2266 1091 2301 te
1109 2257 1513 2315 frugiferenti.'

261 2326 334 2370 Cr.
395 2325 547 2382 Quam
576 2323 838 2367 admirabile
867 2325 996 2369 estid
1017 2326 1266 2378 somnium,
1308 2326 1510 2369 Socrate!

227 2423 230 2426 -
254 2395 327 2437 So.
396 2394 542 2436 Immo
596 2390 800 2446 evidens,
858 2401 910 2436 ut
951 2392 1065 2437 mihi
1103 2393 1283 2450 quidem
1317 2393 1512 2446 videtur,

145 2461 285 2505 Crito.

260 2527 334 2571 Cr.
390 2529 538 2572 Nimis
564 2528 746 2585 quidem
771 2526 884 2571 istuc
903 2528 1114 2586 profecto.
1161 2537 1226 2582 at,
1256 2528 1322 2571 mi
1342 2528 1511 2584 optime

144 2595 348 2638 Socrates
362 2627 377 2646 ,
426 2597 559 2639 etiam
598 2610 721 2637 nunc
761 2595 874 2638 mihi
921 2597 1164 2653 obsequere
1194 2605 1325 2652 teque
1354 2589 1507 2642 sei-vag

146 2663 312 2704 etenim
343 2663 454 2705 mihi
472 2696 484 2716 ,
529 2663 565 2705 si
594 2672 640 2706 tu
669 2664 890 2714 moriere,
924 2665 1038 2706 haud
1062 2680 1152 2707 una
1172 2664 1394 2707 calamitas
1413 2663 1510 2714 crit,

148 2731 224 2772 sed
258 2741 571 2788 praeterquam
596 2731 712 2787 quod
733 2740 775 2774 te
796 2732 970 2776 orbatus
996 2748 1072 2775 cro
1087 2764 1099 2785 ,
1131 2733 1209 2775 tali
1233 2732 1374 2774 amieo
1398 2744 1508 2785 qua-
