1734 2872
518 203 531 213 ·
567 144 995 193 ALcnmmEs
1040 139 1310 196 PRTMUs.
1529 161 1619 197 213

332 272 425 315 So:
480 269 735 314 Considera
753 267 894 325 igitur
929 275 987 312 et
995 251 1162 313 conare
1189 250 1363 322 dicere3
1403 282 1618 325 quoisum

239 347 406 398 spectet
426 339 485 382 id
513 341 631 398 q'uo'd
662 343 859 409 praestat
876 336 934 378 in
967 351 1078 394 pace
1108 335 1311 394 agitanda
1337 343 1382 380 et
1397 336 1516 379 bello
1538 351 1616 393 ge·

236 407 379 451 1end0
403 406 671 463 quibuscum
691 411 882 464 oportet.

344 473 423 517 Al.
480 473 542 517 At
562 471 848 526 considerans
871 485 1047 528 nequeo
1070 451 1357 527 perspicere
1551 512 1553 516 ‚

310 543 420 586 So.
478 540 554 585 An
602 539 770 592 nescis,
818 527 994 596 quando
1034 537 1204 580 bellum
1241 550 1614 591 commoveamus,

238 608 345 666 quid
377 609 498 652 inte1
520 623 603 651 nos
624 607 915 651 criminantes
934 603 1244 662 aggrediamur
1265 604 1318 646 ad
1339 604 1612 659 bellandum,
1641 614 1649 620 ⁴*

238 685 282 720 et
302 691 391 734 quo
413 676 459 719 id
477 675 664 718 nomine
685 682 993 732 nuncupantes
1011 671 1326 729 aggrediamur
1338 673 1360 713 ’ἓ

343 744 420 787 Al.
477 743 699 800 Equidem
719 742 810 786 scio
831 756 914 784 nos
931 739 1081 784 dicere
1099 738 1173 782 vel
1192 738 1397 799 deceptos
1416 738 1490 781 vel
1508 737 1610 781 vio-

236 812 345 854 latos
362 810 436 853 vel
455 811 664 868 spoliatos
683 825 789 853 esse.

345 878 420 921 So.
477 876 573 920 Iam
592 876 816 934 quomodo
836 875 1004 919 horum
1025 873 1222 932 quidque
1234 872 1365 915 nobis
1376 871 1574 914 accidere
1586 872 1607 913 ¹?

237 960 399 988 conale
423 944 586 996 dicere,
608 944 716 1000 quid
737 942 940 986 differat
925 950 1044 985 mter
1057 941 1181 983 hunc
1191 941 1264 983 vel
1273 941 1403 983 illum
1414 939 1630 981 modum.

346 1010 422 1052 Al.
469 1010 542 1052 An
556 1009 680 1060 dicis,
702 1009 899 1058 Socrate,
922 1009 1093 1053 iustum
1106 1015 1148 1050 et
1161 1007 1378 1052 iniustum
1389 1007 1602 1078 modum.
1586 1006 1607 1031 ‘²

347 1077 419 1119 So.
472 1075 635 1118 Hunc
619 1084 786 1132 ipsum.

342 1144 419 1186 At.
477 1142 538 1186 At
564 1157 670 1185 sane
697 1142 818 1187 inter
847 1158 895 1186 se
933 1143 1003 1187 illi
1043 1141 1259 1186 differunt
1296 1140 1430 1198 plane
1474 1148 1607 1197 atque

235 1213 432 1254 omnino.
1219 1245 1222 1247 Α

448 1277 593 1335 Quid
618 1277 789 1338 igitur?
826 1276 1172 1319 Atheniensibus
1200 1284 1251 1318 tu
1281 1289 1393 1329 cumr
1414 1273 1603 1330 quibus-

230 1362 334 1389 nam
343 1279 565 1388 {uadebis
591 1351 644 1386 ut
671 1343 842 1386 bellum
879 1349 1064 1400 gerant,
1102 1357 1204 1385 cum
1229 1341 1394 1386 iniuste
1414 1355 1470 1382 an
1490 1340 1604 1382 iuste

229 1413 492 1456 facientibus
503 1414 524 1455 ¹?

339 1481 415 1524 Al.
474 1480 625 1524 Grave
651 1479 771 1523 istud
806 1487 871 1521 est
903 1477 1022 1535 quod
1052 1476 1252 1534 quaeris3
1292 1492 1396 1519 nam
1428 1475 1600 1519 etiarnsi

231 1548 328 1605 quis
362 1554 510 1591 censet
530 1547 751 1599 :adversus
771 1547 888 1588 iuste
909 1545 1119 1587 facientes
1135 1544 1309 1601 *bellum
1330 1559 1425 1587 esse
1443 1558 1601 1600 geren-

231 1616 363 1666 dum,
395 1624 545 1659 tamen
563 1631 654 1657 non
676 1612 972 1658 confitebitur.

344 1684 418 1727 So.
443 1704 446 1707 ⁴
474 1683 631 1739 Neque
673 1681 795 1724 enim
828 1679 1000 1738 legibus
1033 1687 1378 1726 consentaneum
1410 1688 1498 1730 est,
1548 1687 1596 1722 ut

229 1758 365 1808 patet·

341 1827 415 1870 At.
470 1825 687 1880 Minime3
707 1823 799 1867 nec
824 1806 1065 1883 pulchrum
1083 1822 1262 1867 videtur
1283 1839 1388 1868 esse.

342 1902 416 1947 So,
472 1902 613 1946 Huius
642 1903 780 1960 igitur
805 1910 856 1949 tu
884 1915 1058 1959 quoque
1087 1900 1137 1947 in
1159 1900 1309 1946 verbis
1330 1913 1443 1968 quae
1462 1897 1594 1942 facies

231 1965 451 2010 lationem
470 1968 680 2015 habebis
662 1970 684 1999 ‘²

341 2042 414 2085 Al.
470 2043 658 2086 Necesse
677 2053 756 2087 est.

344 2119 417 2161 So.
472 2106 634 2160 Nonne
652 2118 814 2175 igitur,
842 2117 960 2174 quod
987 2116 1120 2159 modo
1143 2116 1594 2174 interrogabamus'id

232 2185 352 2242 quod
391 2193 584 2242 praestat
608 2184 657 2227 in
690 2184 807 2228 bello
839 2184 1033 2245 gerendo
1071 2191 1262 2226 autnon
1291 2184 1506 2240 gerendo,
1548 2191 1592 2226 et

231 2253 499 2309 quibuscum
532 2260 710 2309 oportet
743 2252 1007 2309 quibuscum
1027 2266 1142 2304 non,
1173 2260 1216 2295 et
1236 2251 1411 2308 quando
1431 2265 1592 2308 geren-

234 2319 343 2364 dum
357 2351 369 2369 ‚
398 2319 575 2376 quando
596 2333 713 2370 non,
739 2319 908 2364 iustum
932 2319 1026 2362 est?
1055 2334 1112 2363 an
1133 2334 1225 2361 non
1240 2320 1262 2361 ’.Ρ

340 2396 417 2438 ΛΖ.
474 2388 664 2440 Videtur
684 2411 798 2439 sane.

342 2472 416 2514 So.
472 2471 712 2527 Quomodo
742 2473 905 2530 igitur,
955 2473 1111 2516 dilecte
1142 2471 1404 2515 Alcibiade?
1440 2478 1592 2512 utrum

234 2535 329 2593 ipse
348 2539 489 2580 nescis
511 2538 594 2581 hoc
616 2547 658 2581 tc
679 2554 769 2581 non
787 2540 971 2591 callere,
1007 2556 1063 2583 au
1082 2555 1155 2583 me
1172 2539 1385 2582 insciente
1406 2539 1452 2580 id
1475 2537 1591 2579 didi-

235 2603 331 2647 cisti
368 2605 422 2647 ad
453 2607 711 2663 magistrum
740 2608 957 2652 ventitans
991 2609 1067 2666 qui
1100 2617 1145 2652 te
1180 2606 1331 2652 docuit
1363 2607 1526 2650 iustum
1551 2611 1594 2644 et
