1734 2872
1046 25 1073 33 α,

394 123 822 170 ALCIBIADES
853 120 1126 162 PRIMUS.
1350 124 1444 161 283

186 246 271 300 Son„
277 241 481 294 *iccirco
518 241 679 292 etiam
690 240 802 287 viles
833 238 919 285 hae
944 237 1160 281 videntur
1187 233 1305 301 artes
1341 249 1450 287 esse,
1496 271 1498 273 ,

76 328 170 356 non
193 310 279 362 vixi
259 278 403 352 fioni
426 309 584 352 studia.

183 379 257 422 Al.
313 377 430 421 Sane
456 377 654 435 quidem.

188 445 262 489 So.
317 445 481 488 Nonne
516 458 674 486 rursus
709 441 786 498 qui
810 440 991 499 corpori
1013 439 1230 490 consulit,
1267 440 1305 483 is
1323 439 1458 482 rebus

79 512 192 565 suis,
214 527 314 563 11011
336 511 516 555 sibimet
533 510 623 568 ipsi
656 509 881 554 consulit?

130 580 134 585 ’
187 579 264 690 ἕξ.
319 580 386 623 Ita
408 579 505 622 fere
527 585 603 620 est.

50 635 56 643 ’
131 641 137 646 “
298 646 415 706 Qui
445 646 556 689 vero
584 645 827 703 pecuniae,
869 659 1015 700 neque
1042 642 1127 686 sibi
1160 658 1307 700 neque
1328 644 1460 685 lebus

80 713 196 766 suis,
190 647 315 765 Ssed
341 716 479 760 etiam
508 713 687 771 longius
720 713 846 757 abest
865 727 891 755 a
911 727 1067 756 rerum
1090 727 1273 756 suanm
1297 726 1464 770 910011-

78 782 266 835 ratione.

194 851 272 893 Al.
329 849 447 894 Mihi
470 863 575 892 sane
597 811 790 894 videtur.

195 919 271 960 So
328 919 486 975 Neque
516 918 607 960 iam
639 917 687 959 id
709 917 832 972 quod
867 917 923 960 ad
947 917 1099 976 ipsum
1129 916 1325 975 pertinet
1361 914 1468 958 facit

84 986 303 1043 pecuniae
321 984 618 1041 acquirendae
637 984 872 1030 studiosus.

197 1053 273 1096 Al.
330 1053 481 1095 Recte.
1318 1088 1321 1092 .

201 1120 272 1164 So.
330 1114 425 1161 Iam
463 1118 501 1161 si
544 1118 643 1175 quis
682 1127 746 1161 est
773 1127 946 1162 amator
973 1118 1220 1162 Alcibiadis
1249 1117 1468 1174 corporis,

88 1202 182 1229 non
199 1186 478 1230 Alcibiadem
498 1193 643 1238 amat,
687 1187 764 1238 sed
783 1186 952 1243 aliquid
974 1187 1095 1242 quod
1117 1186 1172 1230 ad
1190 1184 1482 1231 Alcibiadem.
1540 1196 1547 1207 ··

86 1253 295 1311 pertinet.

200 1321 274 1363 Al.
332 1322 455 1366 Vera
483 1321 607 1365 dicis.
748 1377 751 1379 -

202 1389 274 1432 So.
333 1388 427 1446 Qui
445 1405 553 1432 vero
576 1398 648 1440 te,
676 1388 878 1433 animum
901 1389 1052 1432 amat?

203 1457 280 1505 Al.
336 1457 650 1501 Necessarium
672 1455 850 1500 videtur
876 1471 935 1499 ex
957 1456 1041 1499 hac
1062 1457 1281 1501 oratione.

206 1525 279 1568 So.
333 1525 498 1572 Nonne
519 1525 595 1583 qui
619 1535 783 1583 corpus
803 1516 933 1568 tunm
954 1534 1088 1579 amat,
1114 1525 1171 1579 is,
1199 1525 1374 1583 quando
1398 1526 1480 1567 de-

98 1591 204 1636 sinit
217 1592 406 1644 florere,
432 1592 654 1641 discedit?

207 1660 282 1703 Al.
339 1660 480 1705 Patet.

212 1727 283 1770 So.
339 1726 434 1784 Qui
466 1742 575 1769 vero
606 1726 809 1779 animum
831 1736 975 1781 amat,
1001 1742 1092 1770 non
1110 1727 1229 1783 abit,
1268 1728 1408 1771 donec
1427 1728 1482 1772 ad

101 1793 262 1837 melius
281 1794 597 1851 progrediatur
610 1796 632 1837 ’ἓ

212 1860 288 1904 Αἰ.
344 1861 580 1903 Probabile
598 1871 678 1905 est.
787 1910 790 1912 ,

218 1927 290 1969 So.
345 1926 509 1968 Nonne
548 1943 631 1985 ego
670 1938 770 1971 sum
803 1930 880 1986 qui
911 1945 1008 1972 non
1038 1931 1173 1980 aben,
1213 1930 1292 1975 sed
1325 1945 1488 1974 maneo

108 1995 426 2038 deflorescente
444 2008 658 2050 corpore,
687 1996 874 2051 reliquis
896 1997 1256 2043 discedentibus?

221 2061 298 2105 Al.
354 2062 476 2104 Bene
502 2060 568 2104 ita
601 2061 734 2112 iacis,
775 2062 956 2105 Socrate
968 2079 982 2116 3
1013 2071 1056 2104 et
1092 2063 1267 2110 utinam
1307 2078 1366 2111 ne
1393 2065 1488 2108 dis·
1559 2070 1565 2076 “

110 2130 250 2173 cedas,

222 2199 296 2241 So.
356 2196 587 2240 Contende
609 2195 749 2253 igitur
767 2203 818 2238 ut
838 2210 970 2252 quam
991 2195 1326 2254 pulcherrimus
1343 2200 1414 2243 sis.

221 2264 299 2314 Al.
358 2264 475 2308 Sane
501 2263 782 2306 contendam.

71 2389 74 2392 ⁴
227 2333 303 2377 So.
329 2331 540 2377 :Etenim
569 2346 640 2374 res
667 2331 751 2374 tibi
779 2345 827 2373 se
850 2330 914 2375 sic
939 2330 1104 2374 habet?
1133 2348 1217 2375 1100
1238 2333 1327 2377 fuit
1342 2343 1391 2378 ut·
1409 2350 1492 2394 pa-

116 2409 194 2448 tet,
223 2399 438 2451 Alcibiadi
462 2399 634 2451 Cliniae
653 2399 748 2441 filio
770 2407 943 2447 amator
962 2414 1045 2443 nec
1066 2408 1131 2442 est
1147 2410 1328 2462 praeter
1348 2419 1492 2450 unum

118 2468 261 2509 solum
275 2498 287 2516 ‚
338 2476 381 2511 et
418 2466 536 2508 hunc
581 2467 816 2518 dilectum,
861 2465 1093 2511 Socratem
1121 2467 1413 2526 Sophronisci
1450 2481 1494 2515 et

119 2534 419 2578 Phaenaretae
441 2533 597 2576 filium.

234 2602 307 2645 Al.
368 2601 502 2645 Vera.
