1702 2918
97 420 181 488 Ut
204 443 325 486 inter
354 457 433 485 uos
459 441 672 485 convenit
697 455 855 484 omnes
880 449 1003 484 recte
1028 441 1258 492 adsumus,
1308 455 1338 482 o
1360 439 1472 482 hos-

95 527 200 570 pes,
228 519 344 563 tres,
373 525 455 568 ego
487 519 532 553 et
556 520 608 554 tu
637 518 682 552 et
699 508 909 566 Megillus
938 508 1036 560 hic,
1066 508 1331 566 sapientiam
1359 522 1471 549 con-

97 578 333 622 sideraturi
384 593 474 635 quo
514 578 700 620 tandem
733 583 863 635 pacto
879 612 881 614 .
899 586 1108 654 cgprteat
1142 576 1342 618 oratione
1384 589 1471 616 ex-

93 646 280 706 plicari,
320 661 481 705 quam,
519 647 559 689 si
586 653 823 703 perspecta
847 643 1010 698 fuerit,
1042 643 1266 688 dicimuus
1293 643 1472 686 efficere

95 724 145 758 ut
178 715 318 758 homo
346 713 519 771 optime
545 728 594 756 se
619 712 781 757 habeat
808 711 863 756 ad
896 712 1214 770 prudentiam,
1254 712 1472 768 quantum

94 782 234 825 homo
264 796 311 824 se
335 780 503 823 habere
526 781 680 839 possit.
707 781 881 836 reliqua
906 781 1044 832 enim,
1071 789 1122 824 ut
1137 780 1345 830 dicimus,
1372 793 1472 821 om·-

95 850 172 892 nia
208 848 504 907 exposuimus
541 863 851 905 quaecumque
886 856 1088 907 spectant
1128 846 1181 891 ad
1209 848 1329 905 leges
1358 846 1485 888 scri--⁴

69 918 283 970 ‚bendas3
334 917 454 973 quod
486 931 596 960 vero
634 916 888 958 maximum
925 925 991 959 est
1024 916 1214 959 inventu
1253 924 1297 958 ct
1333 913 1471 965 dictu,

95 985 256 1042 quibus
299 983 481 1027 tandem
521 986 747 1041 perceptis
782 984 985 1029 mortalis
1013 983 1150 1027 homo
1178 983 1354 1040 sapiens
1383 989 1471 1022 ex-

95 1056 242 1102 sistat,
291 1050 375 1093 hoc
422 1064 569 1106 neque
605 1049 804 1093 diximus
839 1066 985 1108 neque
1028 1050 1302 1092 invenimus.
1347 1062 1472 1090 nunc

95 1128 247 1162 autem
284 1131 499 1161 conemur
548 1116 635 1159 hoc
674 1132 767 1160 non
793 1118 1182 1175 praetermittere3
1218 1116 1317 1159 fere
1345 1116 1471 1159 enim
1498 1115 1500 1118 ’

93 1185 411 1244 imperfectum
444 1185 806 1240 relinqueremus
845 1179 972 1229 cuius
1009 1200 1139 1229 causa
1172 1198 1327 1227 omnes
1352 1198 1470 1240 pro-

93 1253 199 1297 fecti
237 1268 415 1307 sumus,
461 1258 515 1296 ut
547 1251 759 1296 videlicet
782 1252 830 1296 id
858 1253 1138 1311 aperiremus
1165 1253 1221 1296 ab
1250 1243 1381 1295 initio
1412 1250 1467 1292 ad

92 1321 243 1364 finem.

202 1387 314 1432 Ath.
345 1389 386 1432 Ο
410 1403 512 1430 caro
539 1387 702 1440 Clinia,
728 1388 846 1431 bene
872 1388 1053 1446 quidem
1079 1390 1291 1446 loqueris,
1316 1388 1466 1432 admi-

91 1457 283 1501 rabilem
319 1471 431 1499 vero
464 1463 510 1498 te
545 1456 742 1499 arbitror
771 1455 1032 1501 auditurum
1070 1473 1165 1501 esse
1199 1457 1465 1507 orationem,

92 1539 336 1581 rursusque
356 1523 547 1580 quodam
560 1524 692 1568 modo
705 1538 797 1567 non
808 1524 1134 1570 admirabilem.
1144 1525 1309 1569 etenim
1322 1525 1468 1576 multi,

93 1607 202 1648 quos
229 1591 348 1634 vitae
375 1607 499 1635 casus
528 1601 845 1646 exercuerunt,
875 1592 1062 1635 candem
1090 1593 1333 1651 proferunt
1362 1606 1470 1634 ora-

92 1659 289 1711 tionem,
331 1674 479 1716 neque
511 1660 692 1704 beatum
731 1660 830 1703 fore
868 1660 1110 1704 hominum
1146 1676 1285 1719 genus
1323 1674 1468 1717 neque

92 1725 222 1769 felix.
250 1739 438 1784 sequere
461 1727 601 1785 igitur
626 1737 671 1772 et
698 1729 928 1772 considera
956 1743 1134 1772 mecum
1163 1744 1221 1772 an
1249 1743 1331 1786 ego
1352 1743 1469 1785 quo-

93 1809 182 1850 que
221 1793 305 1836 tibi
349 1795 504 1838 videar
536 1811 641 1839 cum
675 1796 766 1839 illis
801 1796 884 1839 hac
912 1797 967 1839 de
995 1811 1124 1840 causa
1152 1805 1274 1839 recte
1301 1795 1469 1838 dicere.

93 1875 208 1918 nego
242 1860 448 1906 homines
482 1879 614 1922 posse
635 1865 788 1908 beatos
818 1872 862 1908 et
885 1864 1039 1908 felices
1063 1865 1278 1916 evadere,
1314 1866 1467 1922 paucis

95 1929 319 1985 exceptis3
360 1931 576 1987 quamdiu
612 1932 848 1986 vivamus,
881 1932 968 1979 hoc
1005 1928 1196 1985 definio}
1236 1933 1468 1989 praeclara

92 2009 205 2037 vero
233 2010 332 2052 spes
359 2005 425 2040 est
448 1998 549 2040 fore
568 2008 620 2042 ut
638 2008 842 2043 mortuus
860 2000 1013 2043 omnia
1030 2008 1330 2056 consequatur
1350 2014 1468 2055 quo-

92 2075 200 2104 rum
227 2075 359 2105 causa
386 2064 544 2120 aliquis
572 2075 753 2122 expetat
777 2067 936 2109 vivens
964 2081 1101 2122 quam
1131 2066 1301 2122 optime
1327 2066 1470 2124 possit

93 2129 252 2172 vivere
281 2138 327 2172 et
354 2129 508 2173 finitus
530 2131 667 2174 talem
693 2130 831 2174 finem
852 2132 1037 2188 assequi.
1081 2131 1180 2174 dico
1201 2141 1351 2176 autem
1374 2149 1468 2178 non.

95 2195 271 2254 sapiens
289 2195 471 2254 aliquid,
493 2198 570 2241 sed
592 2198 711 2256 quod
733 2212 887 2241 omnes
905 2205 997 2242 tam
1018 2197 1180 2242 Graeci
1201 2214 1336 2256 quam
1359 2201 1467 2244 bar-

95 2262 195 2306 bari
214 2265 525 2322 cognoscimus
546 2265 884 2322 quodammode,
903 2279 928 2308 a
947 2266 1174 2324 principio
1195 2276 1350 2311 natum
1372 2284 1466 2313 esse

94 2330 266 2372 malum
289 2331 489 2375 accidere
513 2333 675 2390 cuique
698 2332 943 2375 animanti:
969 2333 1171 2391 primum
1192 2336 1375 2379 enimin
1390 2352 1468 2379 eo-

97 2411 203 2439 rum
225 2397 302 2453 qui
319 2397 368 2440 in
390 2406 517 2442 utero
537 2407 763 2457 gestentur
779 2399 911 2443 sortis
929 2409 1102 2456 partem
1112 2402 1283 2455 venire,
1303 2403 1466 2447 deinde

97 2463 245 2516 nasci,
282 2475 515 2523 praeterea
546 2465 724 2511 educari
754 2473 797 2509 et
823 2466 1026 2520 institui,
1057 2467 1167 2510 haec
1189 2471 1341 2513 omnia
1360 2488 1469 2515 sex-

101 2530 244 2573 centis
265 2546 365 2574 cum
385 2533 615 2578 laboribus
634 2532 871 2577 coniuncta
890 2549 999 2586 esse,
1029 2544 1081 2579 ut
1093 2535 1280 2579 dicimus
1299 2553 1468 2582 omne-s.

107 2607 156 2642 et
174 2606 357 2657 tempus
378 2600 559 2657 quidem
580 2602 719 2647 breve
732 2600 833 2655 erit,
850 2602 1039 2648 minime
1050 2603 1088 2649 si
1101 2603 1217 2648 mala
1227 2614 1472 2662 reputave-
