1696 2898
595 213 904 254 LYSIss
1345 221 1438 266 ³69

63 340 159 374 tum
179 330 256 374 est.
294 330 433 375 -Sane
456 330 654 388 quidem.
673 347 676 350 ’
726 328 850 375 Num
867 345 977 374 vero
1000 332 1135 376 etiam
1153 326 1219 375 est
1245 341 1341 377 tum
1363 331 1442 376 tali

62 398 217 441 colore
239 397 425 442 tinctum
445 397 569 455 quali
590 397 639 440 id
657 398 778 455 quod
803 397 1045 442 adhaeret?
1101 398 1202 443 Non
1222 399 1439 458 intelligo,

60 464 221 521 inquit.
256 464 347 507 ’Ita
366 479 501 517 vero,
525 463 728 522 inquam.
751 465 791 508 si
813 465 914 523 quis
938 480 1087 509 comas
1104 472 1205 509 tuas
1222 481 1337 524 quae
1354 467 1441 511 fla-

60 546 144 574 vae
164 537 270 573 sunt
287 545 469 575 cerussa
490 531 713 582 illineret,
746 540 900 576 utrum
922 541 1016 576 tum
1036 533 1158 578 albae
1173 532 1347 587 forent,
1378 549 1437 578 an

59 599 321 642 viderentur
351 599 477 641 esse?
557 598 861 652 Viderentur,
910 599 1073 657 inquit.
1149 600 1439 660 Quamquam

59 664 324 709 adhaereret
352 665 416 708 eis
445 665 625 709 candor.
679 663 847 710 Etiam
899 667 1107 710 Attamen
1133 669 1276 712 nihilo
1295 670 1439 727 magia

59 741 196 776 erunt
225 733 374 783 albae,
423 732 500 775 sed
530 731 799 775 adhaerente
827 735 1022 777 candore
1051 749 1199 791 neque
1225 733 1438 780 candidae

57 815 206 858 neque
235 800 393 858 nigrae
415 808 531 843 sunt.
589 799 729 846 Ver0.
788 799 849 843 At
868 815 1020 857 quum,
1044 801 1202 854 amice,
1234 813 1436 847 senectus

59 867 123 910 eis
147 867 340 910 eundem
358 866 481 910 hunc
504 866 699 910 colorem
722 867 897 920 attulit,
934 876 1029 912 tum
1062 869 1287 914 exsistunt
1302 872 1438 927 quale

57 933 105 976 id
141 942 206 978 est
243 935 362 992 quod
399 934 634 986 adhaeret,
683 933 875 977 candore
903 935 1174 980 adhaerente
1211 937 1438 981 candidae.

60 1000 325 1060 Quippini?
381 1003 476 1046 Hoc
498 1002 637 1060 igitur
657 1001 748 1044 iam
767 1000 1023 1060 interrogo,
1053 1011 1203 1046 utrum
1218 1036 1230 1057 ,
1256 1005 1329 1048 cui
1352 1006 1439 1050 ali-

57 1069 166 1126 quid
187 1068 437 1124 adhaereat,
458 1069 546 1114 tale
566 1068 624 1112 sit
644 1068 692 1111 id
714 1069 833 1126 quod
852 1068 1011 1112 habeat
1029 1071 1159 1128 quale
1177 1072 1437 1126 adhaerens,

46 1150 132 1187 ran,
160 1138 197 1179 si
219 1138 370 1195 aliquo
390 1138 523 1181 modo
546 1135 795 1188 adhaereat,
824 1137 911 1179 tale
931 1137 1003 1188 sit,
1038 1139 1108 1181 sin
1136 1139 1299 1191 minus,
1329 1154 1433 1184 non.

57 1203 123 1247 Ita
142 1205 307 1262 potius,
333 1204 492 1263 inquit.
521 1204 675 1261 Itaque
695 1203 741 1246 id
762 1219 938 1261 quoque
957 1206 1074 1263 quod
1096 1209 1431 1263 nequemalum

56 1286 202 1328 neque
218 1271 383 1315 bonum
406 1279 472 1314 est
491 1285 827 1328 nonnumquam
850 1273 968 1315 malo
989 1275 1209 1331 praesenti
1231 1275 1431 1319 nondum

55 1340 226 1381 malum
259 1347 347 1391 est,
391 1353 733 1393 nonnumquam
777 1355 886 1382 vcro
915 1341 1002 1383 iam
1038 1343 1124 1385 tale
1157 1340 1319 1384 factum
1349 1351 1430 1385 est.

55 1405 174 1449 Sane
201 1406 395 1463 quidem.
454 1404 609 1461 Itaque
631 1406 808 1462 quando
823 1407 1024 1458 nondum
1045 1410 1212 1452 malum
1234 1417 1299 1452 est
1312 1410 1430 1452 malo

54 1463 308 1530 praesenti,
355 1471 466 1514 haec
498 1471 681 1528 quidem
725 1476 977 1530 praesentia
1002 1475 1108 1517 boni
1138 1475 1185 1517 id
1215 1485 1431 1534 appetens

54 1539 228 1592 reddit,
254 1539 333 1584 illa
351 1553 464 1582 vero
481 1553 594 1594 quae
615 1541 787 1581 malum
817 1539 956 1582 efficit
975 1540 1122 1596 privat
1141 1541 1185 1583 id
1211 1550 1431 1599 appeten-

52 1605 115 1650 tia
139 1606 363 1663 simulque
380 1603 576 1646 amicitia
597 1604 731 1658 boni3
771 1604 935 1656 etenim
967 1605 1055 1647 iam
1077 1614 1142 1648 est
1163 1621 1310 1663 neque
1328 1623 1429 1652 ma..

51 1672 149 1715 lum
177 1687 322 1729 neque
350 1672 541 1723 bonum,
582 1670 658 1712 sed
677 1671 873 1724 malum,
914 1673 1106 1714 amicum
1137 1682 1284 1717 autem
1305 1674 1425 1717 bono

52 1739 226 1782 malum
247 1754 339 1781 non
359 1752 451 1780 esse
477 1737 684 1780 vidimus.
719 1737 836 1781 Sane
853 1738 1032 1795 quidem
1053 1738 1262 1784 vidimus.
1298 1740 1426 1784 Hane

53 1807 112 1850 ob
131 1822 311 1851 causam
339 1807 473 1849 etiam
502 1804 749 1847 dixerimus
776 1820 848 1847 eos
882 1805 958 1862 qui
981 1805 1071 1848 iam
1093 1807 1314 1863 sapientes
1335 1809 1426 1853 sint

49 1889 145 1918 non
163 1874 355 1932 amplius
378 1871 701 1931 philosophari,
723 1871 818 1914 sive
836 1872 899 1916 dii
919 1873 1013 1915 sive
1032 1872 1236 1916 homines
1259 1874 1306 1917 hi
1320 1875 1355 1917 si
1362 1883 1424 1927 nt,

51 1957 198 2000 neque
237 1941 370 1984 etiam
412 1941 511 1984 illos
550 1938 857 1997 philosophari
900 1940 975 1995 qui
1017 1942 1190 1983 tantum
1231 1939 1425 1986 habeant

5 2045 15 2050 ,
49 2008 331 2066 ignorantiae
361 2015 413 2050 ut
442 2006 550 2049 mali
581 2007 696 2059 sintg
736 2006 905 2048 malum
936 2006 1055 2048 euim
1088 2014 1133 2048 et
1158 2007 1422 2052 inscientem

48 2076 224 2119 nullum
255 2073 581 2133 philosophari.
621 2073 940 2130 relinquuntur
974 2074 1113 2131 igitur
1149 2073 1227 2130 qui
1255 2074 1422 2120 habent

50 2143 230 2200 quidem
258 2143 343 2185 hoc
375 2141 571 2192 malum,
607 2139 927 2197 ignorantiam,
970 2139 1169 2183 nondum
1197 2155 1308 2184 vero
1335 2157 1420 2200 per

48 2209 135 2253 hoc
155 2209 357 2268 imperiti
380 2217 484 2252 suut
502 2222 648 2263 neque
665 2207 952 2265 insipientes,
989 2207 1065 2249 sed
1094 2206 1237 2251 adhuc
1256 2223 1305 2250 se
1325 2224 1420 2266 pu..

49 2284 145 2327 tant
163 2277 336 2333 nescire
354 2290 467 2333 quae
489 2274 697 2318 nesciant.
721 2274 926 2331 quocirca
949 2272 1317 2332 philosophantur
1339 2276 1420 2332 qui

48 2345 252 2389 nondum
293 2343 401 2387 boni
432 2350 509 2385 aut
538 2341 644 2385 mali
675 2349 804 2394 sunt3
853 2340 1125 2398 quicumque
1154 2355 1263 2384 vero
1294 2342 1418 2395 mali,

49 2424 142 2454 non
166 2409 567 2469 philosophantur,
595 2423 740 2464 neque
759 2407 890 2460 boni3
918 2421 1064 2463 neque
1091 2408 1215 2452 enim
1237 2419 1417 2455 coutra-

48 2475 172 2519 rium
193 2478 420 2521 contrario
449 2490 594 2535 neque
613 2475 761 2519 simile
779 2473 917 2517 simili
941 2474 1135 2519 amicum
1156 2489 1250 2518 esse
1265 2486 1417 2521 osten-

49 2543 213 2587 derunt
241 2545 492 2602 superiores
517 2542 763 2591 orationem
790 2555 938 2584 annon
958 2541 1277 2586 meministis?'“
1298 2544 1416 2588 Sane

52 2610 250 2667 quidem,
280 2611 619 2670 responderunt.
676 2609 808 2653 Nunc
828 2607 991 2666 igitur,
1018 2609 1218 2666 inquam,
1241 2611 1349 2668 Lysi
1370 2618 1415 2653 et
