1734 2872
429 170 861 216 ALCIBIADES
892 172 1167 214 PRIMUS.
1391 181 1483 219 273

211 291 290 337 'Aa
350 291 473 344 Mihi?
491 305 597 335 sane
618 289 812 340 videtur.

147 376 169 381 ·“
214 369 291 415 So,
348 368 468 412 Haec
491 382 601 411 vero
623 381 777 410 nonne
797 374 863 410 est
884 365 1199 423 gymnastica?

213 445 290 487 Al.
346 445 566 488 Maxime.

216 520 290 564 So.
348 518 640 578 Gymnastica
670 516 811 575 igitur
838 516 942 574 pedi
974 518 1272 573 consulimus,
1314 522 1487 567 sutrina

106 603 216 632 vero
236 589 299 631 eis
319 602 433 646 quae
453 586 509 630 ad
527 586 690 645 pedem
710 584 975 643 pertinent?

217 665 295 708 Al.
351 663 468 708 Sane
489 663 685 720 quidem.

221 742 294 787 So.
349 739 410 785 Et
432 739 707 801 gymnastica
726 738 963 795 manibus2
999 738 1224 783 annularii
1250 755 1362 784 vero
1390 753 1487 788 arte

107 810 171 853 eis
190 824 303 866 quae
324 808 379 851 ad
399 823 584 851 manum
605 806 869 866 pertinent?

217 885 296 929 Al.
351 885 518 928 Etiam.

222 962 295 1004 So.
352 961 419 1003 Ac
441 955 718 1017 gymnastica
736 958 918 1016 quidem
941 958 1151 1016 corpori,
1182 960 1356 1006 texenti
1375 978 1484 1007 vero

111 1037 205 1072 arte
223 1025 499 1084 reliquisque
519 1026 581 1068 eis
603 1038 714 1083 quae
727 1024 790 1068 'ad
811 1041 975 1084 corpus
993 1026 1225 1083 pertinent
1241 1028 1263 1068 ’ἓ

220 1094 297 1138 Al.
354 1093 542 1137 Prorsus
565 1093 651 1137 isto
672 1090 822 1136 modo.

223 1162 297 1204 So.
354 1161 456 1203 Alia
477 1175 584 1216 ergo
607 1166 703 1203 arte
725 1159 972 1216 unicuique
992 1160 1287 1237 consulimus,
1315 1157 1401 1204 alia
1421 1160 1484 1207 eis

109 1243 222 1285 quae
244 1229 334 1271 ad
321 1243 466 1286 1psum
489 1227 732 1284 peltinent.

219 1297 296 1339 Al.
354 1296 388 1337 P
391 1303 480 1337 stet
499 1308 621 1339 vero.
854 1329 858 1332 .

225 1363 295 1405 So.
353 1362 395 1405 N
399 1377 458 1404 on
490 1376 621 1418 ergo,
659 1358 699 1403 si
728 1361 864 1403 rebus
895 1359 984 1404 tuis
1017 1356 1233 1416 consulis,
1264 1362 1347 1413 tibi
1374 1371 1486 1416 conj

111 1429 250 1474 sulis?

219 1497 294 1541 Al.
352 1497 719 1554 Haudquaquam.

224 1566 296 1608 S'o.
352 1565 506 1622 Neque
539 1565 660 1607 enim
692 1559 846 1607 eadem
877 1570 942 1609 est
975 1579 1073 1618 ars,
1121 1572 1171 1608 ut
1199 1561 1364 1622 liquet,
1400 1578 1487 1622 qua

112 1633 209 1692 quis
237 1633 321 1675 sibi
357 1631 548 1675 consulit
582 1641 624 1674 et
645 1629 778 1674 rebus
804 1633 908 1677 suis„

221 1701 296 1743 Al.
354 1699 479 1750 Non,
506 1707 558 1741 ut
578 1704 716 1755 patet.

224 1769 296 1813 So.
354 1765 585 1824 Agedum,
625 1781 713 1823 qua
742 1766 922 1810 tandem
951 1765 1176 1812 nobismet
1194 1766 1303 1826 ipsis
1324 1778 1488 1820 consu-j

113 1837 290 1881 lamus?
976 1838 978 1841 ’

224 1901 300 1948 Al,
354 1902 459 1944 Non
476 1901 616 1943 habeo
638 1900 797 1943 dicere.

228 1968 299 2009 So.
358 1967 417 2009 At
449 1967 533 2008 hoc
565 1976 683 2010 certe
714 1968 833 2010 inter
853 1983 934 2010 nos
955 1969 1190 2020 convenit,
1218 1983 1311 2012 non
1333 1984 1383 2012 ea
1403 1985 1489 2026 qua

117 2051 271 2078 rerum
302 2043 558 2076 nostrarum
593 2034 786 2088 aliquam
817 2036 1050 2077 memorem
1071 2036 1382 2090 redderemus,
1411 2035 1488 2080 sed

119 2119 204 2160 qua
231 2109 405 2143 nosmet
427 2100 557 2157 ipsos.

229 2166 300 2211 Al.
360 2165 479 2211 Vera
498 2163 616 2209 dicis.

231 2237 301 2278 So.
360 2235 479 2278 Num
512 2249 618 2278 vero
655 2248 866 2289 umquam
899 2249 1263 2291 cognosceremus
1284 2241 1393 2293 quae
1414 2251 1485 2281 ars

120 2306 315 2347 calceum
346 2302 581 2344 meliorem
615 2298 843 2356 redderet,
887 2302 973 2344 nisi
1008 2302 1224 2348 sciremus
1247 2305 1350 2362 quid
1372 2315 1485 2350 esset

122 2371 291 2414 calceus
307 2370 328 2411 ’ἓ

227 2436 298 2478 Al.
357 2427 478 2479 Fieri
499 2436 667 2493 nequit.

237 2505 308 2546 So.
365 2504 522 2560 Neque
545 2504 704 2556 etiam,
734 2518 843 2561 quae
863 2518 932 2547 ars
955 2506 1141 2552 annulos
1162 2509 1366 2552 meliores
1379 2505 1485 2550 recl-³

127 2569 273 2620 deret,
301 2570 387 2613 nisi
409 2586 776 2627 cognosceremus
792 2573 1021 2618 annulum·

236 2648 312 2690 Al.
367 2649 501 2694 Vera.

183 2718 291 2758 Tom.
323 2719 439 2758 VIII.
1184 2717 1212 2762 S
