1696 2898
587 167 627 208 L
658 164 765 211 AC
795 165 840 210 H
871 166 907 208 E
943 167 982 206 S.
1367 171 1467 218 52⁵

104 286 275 342 dentia3
298 272 468 331 metum
482 284 608 328 v⁴enim
631 299 727 327 esse
748 284 1014 344 opinionem·
1027 280 1461 341 impendentis-mali.

102 369 251 398 annon
274 356 337 398 ita
357 355 440 398 tibi
461 366 636 411 quoque
653 353 856 405 videtur,
881 349 1083 394 Laches?

207 442 296 485 La.
352 441 538 484 Prorsus
563 440 648 482 isto
666 432 822 493 inodo,
851 439 1045 483 Socrate.

208 527 280 570 So.
335 527 543 571 Nostram
562 526 698 583 igitur
716 525 1004 576 sententiam,
1044 523 1199 577 Nicia,
1227 525 1376 576 audis,
1406 539 1466 567 ex

99 608 184 650 qua
200 590 491 636 formidolosa
514 590 702 636 dicimus
722 608 815 635 esse
838 592 955 635 mala
974 590 1128 634 futura
1142 625 1157 644 ,
1184 592 1280 634 sine
1303 592 1465 634 timore

97 670 248 704 autem
272 660 505 703 subeunda
538 676 630 702 esse
659 675 752 702 non
779 660 897 702 mala
927 659 1002 703 vel
1031 659 1148 703 bona
1183 659 1365 714 futura3
1413 668 1464 704 tu

97 744 206 771 vero
225 729 288 771 ila
307 742 373 770 ⁴an
397 728 526 770 aliter
548 727 602 770 de
623 727 692 769 his
716 726 887 771 sentis?
959 764 963 765 ⁷

207 815 292 859 Ni.
346 817 410 858 Ita
430 815 652 873 equidem.

207 904 278 946 So.
333 902 509 946 Horum
527 919 637 947 vero
649 902 878 947 scientiam
895 901 1206 947 fortitudinem
1224 902 1427 946 nominas
1439 904 1462 947 ’ἐ

206 985 292 1034 Ni.
346 989 563 1035 Maxime.

207 1078 281 1121 So.
336 1078 572 1122 Praeterea
600 1076 785 1124 tertium
814 1078 1046 1138 videamus
1067 1086 1125 1120 an
1147 1077 1270 1143 idem
1289 1077 1378 1130 tibi
1390 1077 1462 1122 vi-

100 1143 255 1188 deatur
279 1143 558 1203 quod'nobis.

205 1232 288 1275 Ni.
344 1232 574 1291 Quidnam
598 1233 685 1276 hoc
711 1235 809 1277 est?

209 1320 280 1362 So.
338 1319 435 1377 Ego
455 1320 535 1362 tibi
560 1321 716 1363 dicam.
742 1320 922 1364 videtur
944 1322 1066 1364 enim
1088 1329 1133 1364 et
1153 1314 1266 1364 mihi
1280 1316 1461 1377 rethuio,

97 1398 479 1444 quorumcumque
496 1386 679 1430 scientia
700 1387 847 1445 aliqua
868 1395 956 1441 est,
984 1403 1076 1430 non
1100 1388 1187 1431 alia
1205 1403 1300 1432 esse
1326 1404 1461 1448 prae-—

96 1453 218 1497 teriti
231 1485 244 1507 ‚
281 1454 448 1512 quippe
476 1468 739 1512 cognoscens
773 1453 1000 1511 quomodo
1042 1454 1211 1498 factum
1245 1456 1324 1510 sit,
1375 1457 1462 1500 alia

98 1536 211 1577 quae
229 1529 459 1579 cognoscat
479 1521 700 1578 quomodo
720 1521 822 1571 fiat,
862 1529 906 1563 et
937 1522 1023 1564 alia
1048 1523 1270 1578 quomodo
1291 1524 1463 1581 optime

96 1588 151 1631 sit
171 1588 375 1631 futurum
396 1587 515 1643 quod
537 1586 736 1628 nondum
759 1585 927 1627 factum
949 1587 1020 1636 sit,
1048 1588 1124 1630 sed
1144 1589 1308 1631 eadem.
1336 1592 1462 1634 velut

95 1671 167 1697 res
189 1655 242 1696 ad
261 1655 494 1697 sanitatem
515 1659 760 1710 spectantes
790 1651 840 1693 in
866 1652 1017 1694 omnia
1042 1659 1247 1710 tempora
1266 1669 1357 1698 non
1375 1658 1462 1700 alia

95 1721 185 1763 nisi
207 1720 453 1773 medicina,
490 1734 600 1777 quae
623 1734 714 1762 una
733 1725 819 1771 est,
845 1718 1062 1771 observat,
1095 1729 1187 1764 tam
1207 1724 1462 1779 praesentia

98 1797 142 1831 et
162 1787 399 1845 praeterita
429 1800 562 1844 quam
584 1786 738 1830 futura
760 1786 983 1843 quomodo
1004 1786 1158 1830 futura
1188 1788 1302 1843 sint3
1341 1799 1385 1833 et
1405 1790 1462 1833 de

96 1855 152 1898 iis
177 1870 287 1912 quae
304 1871 363 1898 ex
382 1864 504 1899 terra
530 1861 772 1897 nascuntur
790 1853 1064 1910 agricultura
1082 1845 1239 1898 eodem
1260 1871 1307 1898 se
1324 1857 1459 1900 modo

96 1922 243 1967 habet.
281 1932 331 1964 ac
355 1938 427 1965 res
461 1921 642 1979 quidem
672 1920 851 1962 bellicas
871 1920 958 1978 ipsi
991 1922 1205 1979 poteritis.
1231 1923 1459 1969 testificari

97 2000 238 2032 artem
262 1989 596 2047 imperatoriam
621 1987 788 2045 optime
806 1986 1044 2045 providere
1059 2020 1070 2041 ,
1100 2004 1238 2045 quum
1260 1990 1456 2048 reliquas

98 2067 196 2100 tum
231 2057 365 2098 etiam
391 2055 583 2109 futuras,
621 2052 819 2098 neo'arti
848 2054 1116 2102 vaticinandi
1136 2056 1379 2100 arbitratur
1409 2073 1459 2114 se

98 2125 261 2167 debere
283 2123 487 2176 obedire,
533 2122 609 2165 sed
646 2123 893 2178 imperare,
942 2121 1110 2179 quippe
1153 2139 1265 2180 quae
1294 2125 1458 2168 melius

99 2200 329 2248 cognoscat
346 2206 417 2238 res
449 2190 626 2232 bellicas
653 2203 764 2245 quae
787 2197 999 2245 gerantur
1032 2198 1075 2232 et
1105 2190 1322 2246 gerendae
1342 2193 1457 2247 sint3

100 2268 230 2315 atque
257 2259 389 2301 etiam
406 2260 482 2301 lex
502 2257 585 2299 hoc
605 2255 869 2314 praescribit
893 2263 943 2298 ut
961 2271 1052 2298 non
1071 2266 1191 2300 vates
1210 2259 1458 2315 imperato«

83 2318 196 2368 rem
211 2334 354 2383 regat,
374 2325 450 2368 sed
469 2327 713 2383 imperator
731 2331 890 2366 vatem.
913 2322 1110 2381 dicemus
1133 2323 1233 2375 hoc,
1253 2325 1454 2370 Laches?

206 2412 295 2455 La.
351 2413 577 2456 Dicemus.

216 2499 288 2543 So.
343 2498 465 2554 Quid
487 2501 627 2542 vero?
656 2508 761 2542 tune
781 2498 916 2552 nobis,
944 2496 1085 2549 Nicia,
1115 2493 1348 2552 consentis,
1377 2517 1454 2543 ea-

101 2566 199 2608 dem
222 2566 407 2607 eandem
427 2566 654 2609 scientiam
677 2577 720 2611 et
747 2567 898 2610 futura
922 2574 966 2608 et
985 2569 1232 2624 praesentia
1257 2577 1299 2611 et
1319 2583 1452 2626 prae-

99 2634 227 2677 teriia
249 2646 508 2691 cognoscere
521 2633 542 2673 Ῥ
