1734 2872
686 135 1000 175 CRITO.
1446 143 1535 182 191

171 256 495 299 adolescentum
524 260 655 308 atque
683 251 1003 310 imperitorum
1034 251 1271 297 hominum
1302 262 1544 314 corruptor

172 318 277 368 essa
313 319 534 364 vitabisne
555 320 695 377 igitur
717 319 917 363 civitates
935 319 1063 362 bonis
1084 320 1259 377 legibus
1271 329 1544 380 *temperatas

166 400 213 434 et
231 388 578 432 modestissimos
599 398 800 444 quosque
817 385 1056 428 homines?
1092 388 1227 444 idque
1246 387 1284 431 si
1305 387 1412 433 facis
1433 404 1545 438 uum

169 459 362 518 pretium
396 455 479 500 tibi
509 454 641 498 habet
675 454 765 497 vita
781 455 804 497 ’ἶ
839 468 896 496 an
933 453 1054 495 forte
1087 454 1228 497 adibis
1255 456 1379 514 ipsos
1398 473 1546 516 neque

167 527 415 576 erubesces,
442 523 638 573 Socrate,
663 522 769 566 talia
790 521 1026 572 disserere,
1053 521 1200 577 qualia
1219 522 1292 566 hic
1311 526 1545 578 consuesti,

165 595 383 637 virtutem
413 600 458 635 et
485 591 700 634 iustitiam
738 598 782 633 et
811 589 929 646 leges
948 599 992 631 et
1011 588 1191 646 publica
1215 590 1416 636 instituta
1438 594 1546 651 plu-

168 661 276 706 rimi
307 658 510 704 facienda
537 674 631 702 esse
652 657 942 701 hominibus?
981 671 1066 699 nec
1085 664 1214 714 putas
1230 655 1330 700 fore
1348 668 1399 703 ut
1414 660 1548 705 inde-

168 745 298 773 corus
316 726 571 785 reperiatur
593 725 827 770 Socrates?
853 725 1020 775 immo,
1047 723 1243 768 dubitari
1262 726 1309 770 id
1330 743 1422 772 non
1438 740 1548 787 pot..

169 807 248 840 est.
284 806 330 840 at
358 796 479 839 hisce
515 810 575 839 ex
603 793 856 837 civitatibus
887 791 1106 845 discedes,
1133 801 1178 836 et
1197 794 1549 842 ianhessaliam

169 865 252 908 ibis
281 864 337 906 ad
363 862 558 921 hospites
580 860 774 906 Critonis
784 878 799 916 3
837 874 943 903 nam
973 860 1174 903 maxima
1203 860 1268 904 ibi
1294 863 1474 908 licentia
1506 876 1552 910 et

170 932 414 991 petulantia
434 940 523 983 est3
555 947 606 974 ac
626 929 814 974 fortasse
830 928 1023 972 libenter
1045 942 1106 971 ex
1126 936 1171 971 te
1183 929 1383 984 audient,
1413 948 1549 990 quam

170 999 361 1042 ridicule
379 1014 404 1040 e
427 1014 606 1042 carcere
625 997 881 1055 aufugeris,
908 994 1175 1038 vestimento
1197 997 1391 1053 quodam
1410 1001 1551 1045 indu-

172 1077 244 1112 tus
266 1073 343 1109 aut
362 1066 481 1124 pelle
500 1064 686 1109 amictus
712 1072 789 1107 aut
806 1064 894 1106 alio
916 1061 1128 1120 quopiam
1150 1078 1239 1120 quo
1260 1064 1388 1110 indui
1410 1069 1554 1114 solent

173 1136 249 1191 qui
271 1134 533 1193 aufugiunt,
557 1133 713 1177 habitu
734 1141 811 1176 tuo
833 1139 1018 1175 mutato.
1049 1145 1241 1174 nemone
1259 1139 1356 1177 tum
1375 1135 1552 1194 eritqui

174 1202 314 1254 dicat,
351 1209 396 1244 te
413 1216 591 1254 senem,
622 1201 696 1243 cui
723 1200 858 1243 breve
881 1198 1076 1257 spatium
1098 1199 1216 1242 vitae
1235 1200 1444 1253 relictum
1458 1219 1554 1247 esse

171 1278 332 1329 pateat,
355 1275 591 1326 tantopere
611 1268 728 1311 vitae
749 1267 1081 1316 adhaerescere,
1110 1275 1161 1310 ut
1181 1277 1425 1325 propterea
1453 1286 1553 1314 ma·

173 1338 321 1381 ximas
348 1336 468 1393 leges
489 1335 658 1379 violare
676 1350 812 1378 ausus
831 1333 923 1376 sis?
955 1332 1166 1385 fortasse,
1195 1334 1234 1376 si
1253 1336 1429 1380 nemini
1449 1354 1553 1381 mo-

173 1404 347 1448 lestiam
367 1402 655 1458 exhibueris3
682 1401 876 1460 alioqui,
918 1400 1127 1454 Socrate,
1166 1402 1311 1445 multa
1332 1404 1487 1449 audies
1509 1414 1556 1449 te

173 1473 383 1531 indigna3
415 1471 584 1530 quippe
611 1472 858 1516 submissus
891 1470 1016 1514 vives
1051 1471 1262 1516 omnibus
1296 1471 1556 1518 hominibus

176 1548 222 1583 et
241 1540 347 1598 quid
368 1540 491 1584 aliud
510 1540 678 1587 faciens
697 1540 786 1584 nisi
804 1541 1013 1598 epulans,
1055 1539 1196 1604 yeluti
1215 1540 1271 1583 ad
1293 1542 1556 1586 convivium

175 1607 404 1667 profectus
425 1608 475 1651 in
497 1608 806 1653 Thessaliam?
835 1621 1066 1651 sermones
1087 1620 1197 1650 vero
1217 1608 1294 1652 isti
1314 1609 1369 1652 de
1387 1609 1558 1654 iustitia

178 1676 392 1733 omnique
421 1691 586 1733 genere
616 1676 797 1720 virtutis
830 1675 1012 1719 ubinam
1031 1683 1163 1719 erunt
1179 1675 1346 1720 nobis?
1383 1686 1557 1722 atvero

177 1743 376 1788 filiorum
396 1744 540 1801 gratia
560 1743 716 1788 vivere
738 1744 866 1802 cupis
879 1775 891 1797 ,
926 1751 975 1787 ut
998 1743 1198 1787 enutrias
1217 1760 1290 1787 eos
1311 1753 1356 1788 et
1374 1745 1558 1791 institu-

181 1811 260 1853 as?
301 1810 440 1868 quid?
480 1827 539 1855 an
563 1811 614 1855 in
634 1812 913 1856 Thessaliam
942 1812 1180 1869 perductos
1203 1813 1400 1856 enutries
1424 1822 1558 1871 atque

184 1877 408 1931 institues,
445 1893 584 1936 quum
617 1879 667 1923 in
698 1880 1066 1939 peregrinitatem
1100 1895 1176 1923 eos
1205 1880 1432 1938 redegeris
1447 1913 1460 1935 ,
1509 1891 1562 1926 ut·

183 1942 271 1986 hoc
292 1958 471 2001 quoque
490 1961 678 1990 munere
697 1947 906 1992 fruantur
923 1947 1035 1991 tuo‘.>
1063 1962 1122 1990 an
1149 1946 1236 1989 hoc
1257 1948 1438 2004 quidem
1466 1964 1561 1991 non

183 2010 285 2064 fiet,
318 2010 395 2054 sed
429 2010 502 2055 hic
531 2015 716 2057 enutriti
736 2023 780 2058 te
801 2015 907 2059 vivo
934 2014 1095 2058 melius
1116 2013 1403 2057 enutrientur
1429 2024 1561 2072 atque

183 2078 500 2132 instituentur,
530 2087 574 2122 te
594 2095 696 2123 cum
724 2081 813 2124 illis
834 2096 928 2123 non
946 2081 1185 2123 versante?
1211 2080 1382 2139 quippe
1406 2098 1563 2126 neces-

185 2146 292 2189 sarii
324 2146 392 2190 tui
423 2162 499 2189 eos
526 2147 780 2191 curabunt?
819 2156 970 2191 utrum
1004 2147 1054 2189 in
1075 2147 1354 2192 Thessaliam
1383 2158 1427 2194 te
1449 2166 1562 2210 pro-

186 2213 302 2257 fecto
331 2214 575 2266 curabunt,
613 2214 668 2258 ad
696 2214 868 2258 inferos
901 2222 1048 2258 autem
1086 2212 1292 2272 profecto
1318 2230 1409 2261 non
1428 2234 1562 2263 cura-

187 2281 316 2333 bunt,
347 2281 384 2323 si
406 2281 586 2338 quidem
604 2281 809 2325 homines
826 2281 950 2340 frugi
969 2290 1073 2325 sunt
1091 2282 1167 2340 qui
1185 2282 1268 2326 tibi
1289 2298 1337 2327 se
1357 2300 1560 2330 necessa-

189 2350 281 2392 rios
299 2350 592 2408 praedicant?
621 2350 763 2395 immo
782 2350 975 2394 dubitari
992 2351 1038 2394 id
1058 2351 1225 2409 nequit.
1251 2351 1402 2410 itaque
1427 2355 1561 2398 obse-

192 2426 365 2472 quutus,
392 2418 585 2467 Socrate,
614 2418 743 2461 nobis
766 2418 1016 2463 nutricibus
1036 2419 1122 2462 tuis
1147 2433 1229 2462 nec
1256 2419 1387 2474 filios,
1415 2437 1561 2480 neque

192 2485 333 2528 vitam
361 2501 508 2544 neque
538 2486 657 2528 aliud
692 2486 929 2544 quicquam
958 2487 1098 2545 pluris
1116 2485 1249 2530 facias
1272 2502 1405 2545 quam
1429 2490 1561 2533 iusti-

193 2551 324 2596 tiam:
363 2562 439 2609 ut,
480 2568 617 2611 quum
651 2553 705 2597 ad
733 2554 902 2599 inferos
930 2555 1216 2614 perveneris,
1267 2554 1377 2599 haec
1410 2559 1563 2601 omnia
