1734 2872
393 141 838 212 »ALCIBIADES
880 146 1149 215 pmMus.
1375 155 1489 191 285*

213 257 292 321 1212.
352 267 587 326 Quorsum
611 265 950 325 spectans.istud
970 265 1102 317 dicis,
1127 260 1341 309 Socraie?
1388 288 1390 290 v

183 331 281 384 sSo.
337 333 434 394 Ego
468 336 550 379 tibi
588 335 731 378 dicam
767 331 873 390 quid
906 331 1108 390 suspicer
1132 326 1474 390 dicere'nosque

102 405 338 448 admonere
367 403 483 445 hanc
510 400 869 460 inscriptionem.
906 413 1052 455 neque
1076 401 1194 442 enim
1215 401 1382 459 passim
1404 402 1491 446 vi-'

102 473 227 517 detur
245 470 340 514 eius
359 470 619 528 exemplum
650 467 859 526 reperiri,
883 467 959 509 sed
978 467 1027 511 in
1047 467 1144 509 visu
1165 475 1352 512 tanturn.

209 540 286 582 Al.
342 537 583 595 Quomodo
604 536 722 579 istud
744 535 888 579 dicis?

213 607 285 650 So.
342 605 591 649 Considera
613 614 661 648 tu
683 618 860 660 quoque
880 600 918 645 si
936 602 1068 645 oculo
1079 611 1236 645 nostro
1250 612 1478 661 {amquam

101 674 272 717 homini
314 674 501 717 suadens
538 673 706 716 diceret
737 671 852 715 Vide
881 671 1127 728 teipsum,
1183 663 1406 727 quomodo
1436 681 1480 715 et

101 744 207 799 quid
240 742 564 786 arbitraremur
583 755 679 784 eam
704 738 980 782 admonere?
1020 752 1171 781 nonne
1200 740 1316 782 utin
1337 741 1382 782 id
1407 742 1480 782 in-

100 818 303 854 tueretur
323 811 372 854 in
395 809 513 867 quod
533 809 715 852 intuens
737 807 892 850 oculus
912 821 961 849 se
982 807 1132 866 ipsum
1146 807 1320 850 visurus
1335 810 1479 851 esset?

213 888 287 931 Al.
342 889 481 931 Patet.

215 957 287 999 S'o.
343 953 690 999 Consideremus
715 954 837 1011 iam,¹
865 951 916 996 in
946 951 1053 1010 quid
1087 947 1312 998 intuentes
1331 955 1482 1013 ipsum

106 1024 239 1066 simul
263 1031 307 1066 et
326 1039 407 1065 nos
428 1024 550 1080 ipsos
572 1021 818 1066 videamus.
1078 1023 1081 1025 ’

215 1091 290 1134 Al.
345 1090 486 1143 Patet,
514 1089 710 1142 Socrate,
737 1089 786 1131 in
815 1089 996 1148 specula
1027 1095 1071 1132 et
1088 1101 1202 1146 quae
1222 1098 1325 1132 sunt
1345 1106 1483 1148 gene-

107 1159 171 1202 ris
190 1157 403 1200 eiusdem.

98 1279 100 1283 ¹
216 1224 290 1266 So.
347 1224 483 1268 Recte
504 1224 717 1280 loqueris.
751 1235 901 1265 nonne
923 1225 1059 1268 etiam
1079 1225 1129 1268 in
1153 1224 1283 1268 oculo
1304 1239 1392 1281 quo
1413 1224 1485 1268 vi-

108 1293 259 1335 demus
287 1291 402 1335 inest
431 1291 518 1334 tale
538 1290 644 1348 quid
659 1291 681 1333 ’ἓ

216 1358 288 1401 ΛΖ.
347 1357 464 1402 Sane
488 1359 683 1415 quidem.

218 1427 291 1472 So.
344 1426 774 1470 Animadvertistine
796 1428 933 1484 igitur
955 1428 1135 1470 oculum
1157 1426 1372 1470 intuentis
1385 1428 1487 1470 vol-

110 1504 205 1538 tum
237 1508 456 1552 apparere
484 1494 533 1536 in
563 1494 657 1536 eius
690 1493 768 1552 qui
795 1494 1008 1537 adversus
1036 1501 1121 1538 stat
1143 1495 1237 1538 acie
1258 1503 1484 1552 tamquam

109 1563 158 1604 in
185 1562 365 1620 speculo
399 1562 552 1620 [quam
587 1562 768 1619 quidem
796 1562 1018 1620 pupulam
1047 1562 1308 1618 vocamus]‚
1347 1564 1410 1607 ita
1436 1571 1488 1606 ut

111 1631 395 1674 simulacrum
417 1644 463 1672 se
487 1628 697 1673 exhibeat
714 1629 964 1674 intuentis?

206 1697 281 1741 Al.
339 1698 458 1742 Vera
479 1697 601 1741 dicis.
947 1736 950 1739 .

226 1763 298 1806 So.
357 1765 520 1807 Oculus
545 1780 651 1823 ergo
673 1778 810 1823 quum
829 1763 1007 1809 oculum
1029 1773 1198 1824 spectat
1217 1774 1262 1809 et
1283 1767 1330 1809 in
1352 1766 1394 1809 id
1416 1767 1488 1809 1⁹11-

115 1839 264 1872 tuetur
285 1832 402 1885 quod
426 1833 647 1890 optimum
671 1834 765 1877 eius
789 1843 853 1879 est
871 1842 916 1877 et
936 1849 1025 1892 quo
1047 1834 1191 1886 videt,
1228 1844 1327 1878 tum
1347 1851 1394 1877 se
1416 1836 1492 1892 ip-

115 1913 214 1940 sum
237 1897 387 1939 videt?

227 1964 302 2007 Al.
359 1963 475 2007 Sane
497 1965 556 2008 ita
581 1974 657 2008 est.

228 2033 300 2075 So.
357 2031 405 2075 Si
437 2047 546 2074 vero
579 2033 627 2074 in
653 2030 772 2074 aliud
809 2033 916 2087 quid
947 2049 1102 2076 eorum
1130 2047 1244 2090 quae
1264 2033 1318 2075 ad
1339 2033 1492 2078 homi-

116 2115 220 2147 nem
245 2099 474 2154 pertinens
493 2099 689 2142 intuetur
712 2100 782 2141 vel
806 2099 852 2141 in
884 2100 1014 2142 aliam
1037 2115 1170 2156 quam
1194 2117 1291 2144 rem
1312 2111 1493 2160 praeter
1540 2115 1541 2120 ’

118 2168 163 2210 id
184 2167 253 2208 cui
278 2165 363 2209 hoc
383 2176 447 2210 est
466 2163 636 2218 simile,
665 2182 711 2209 se
734 2165 883 2224 ipsum
906 2183 997 2210 non
1017 2167 1198 2212 videbit.

230 2234 301 2278 Al.
357 2236 478 2278 Vera
503 2234 624 2277 dicis.

233 2304 302 2346 So,
361 2302 528 2344 Oculus
551 2302 689 2358 igitur
709 2303 743 2344 si
766 2318 812 2344 se
832 2303 979 2361 ipsum
1002 2303 1093 2346 volt
1115 2305 1283 2358 videre,
1309 2307 1358 2349 in
1380 2322 1492 2354 ocu-

123 2372 215 2413 lum
244 2371 470 2412 intueatur
499 2378 676 2424 oportet
712 2379 754 2414 et
786 2371 832 2413 in
859 2387 956 2413 eam
976 2372 1155 2427 quidem
1181 2374 1298 2416 oculi
1315 2385 1491 2432 partem

126 2439 170 2478 in
193 2453 276 2493 qua
298 2437 410 2480 inest
427 2438 543 2480 oculi
566 2439 730 2489 virtus3
757 2449 822 2482 est
840 2449 989 2482 autem
1004 2438 1100 2493 hoc,
1131 2439 1334 2496 nifallor‚
1354 2443 1492 2486 visus.

238 2504 307 2546 Al.
364 2505 441 2546 Ita.

235 2571 304 2612 So.
361 2572 480 2614 Num
499 2572 636 2629 igilur
651 2607 661 2622 ‚
704 2589 804 2616 care
827 2574 1076 2628 Alcibiade,
1103 2576 1234 2618 etiam
1256 2578 1430 2620 animus
1455 2578 1491 2619 si

127 2651 172 2677 se
205 2637 351 2694 ipsum
391 2655 572 2682 noscere
600 2642 720 2694 volt,
756 2643 806 2685 in
839 2643 1039 2702 animum
1060 2643 1280 2688 intueatur
1299 2652 1490 2702 oportet,
