1734 2872
413 80 856 176 -pALcmTADrs
899 86 1167 168 PRIMUS.
1391 127 1481 163 225

169 232 172 233 ⁷
208 233 315 278 -Βοι
346 227 563 285 Quanto?

204 292 316 340 CM.
351 295 469 340 Uno

159 375 164 392 ε
205 365 282 404 So.
339 361 454 405 Uter
473 362 615 421 igitur
634 369 838 410 nostrum
860 368 925 404 est
949 361 1028 418 qui
1047 362 1154 407 dicit
1172 364 1260 449 duo
1282 365 1375 410 und
1392 382 1486 412 esse

112 435 201 474 imo
218 428 379 487 plura.
363 430 386 459 ‘²
1464 452 1469 454 *

169 496 290 540 Al.
343 496 452 554 Ego
624 540 626 543 ,

218 567 283 604 So.
338 564 501 607 Nonne
532 578 614 621 ego
647 562 948 619 interrogavi,
976 570 1026 604 tu
1054 578 1163 606 vero
1184 568 1488 624 respondisti?

218 634 286 672 Al.
339 631 508 687 Etiam.

220 701 284 740 So.
339 699 410 742 De
429 695 500 742 his
520 699 659 755 igitur
677 713 786 740 num
806 712 887 754 ego
909 697 1119 756 reperior
1142 698 1291 745 dicens
1312 705 1389 760 qui
1411 707 1484 753 inf

108 775 288 824 terrogo
302 799 314 820 ,
342 763 398 809 an
418 775 470 810 tu
491 767 569 823 qui
595 765 835 823 respondes
848 766 871 806 ‘3

217 838 289 876 Al.
347 834 460 891 Ego.
698 880 703 887 ,

345 900 494 958 Quid,
532 901 571 942 si
599 915 680 957 ego
714 903 945 959 interrogo
969 910 1181 958 quotnam
1204 903 1292 946 sint
1308 904 1505 951 litterae„

109 968 160 1013 iu
191 966 386 1010 Socratis
412 967 625 1020 nomine,
661 974 705 1008 et
733 977 783 1010 tu
816 968 946 1022 dicis,
975 976 1075 1011 uter
1098 971 1255 1027 estqui
1277 987 1486 1029 Ριοιιιιη-

109 1035 221 1088 tiat?

218 1105 290 1147 Al.
349 1103 458 1159 Ego.

218 1171 284 1212 So.
337 1171 434 1226 Age
465 1169 596 1220 dum,
631 1183 723 1212 uno
743 1170 882 1212 verbo
903 1170 998 1213 dic.-
1031 1172 1084 1214 'in
1113 1173 1267 1229 quavis
1286 1173 1483 1216 interro-

106 1237 282 1294 ga'tione
302 1245 346 1279 et
363 1235 653 1294 responsione
674 1244 774 1279 uter
795 1246 859 1279 est
877 1238 955 1293 qui
975 1238 1098 1288 dicit,
1127 1239 1164 1280 is
1186 1241 1263 1295 qui
1283 1242 1485 1284 interro-

107 1316 203 1362 gat,
233 1320 289 1347 an
320 1306 358 1348 is
379 1304 456 1361 qui
477 1302 749 1360 respondet?

215 1375 286 1415 Al.
344 1372 438 1429 Qui
456 1370 711 1428 respondet,
733 1370 846 1413 mihi
867 1369 1046 1428 quidem
1068 1370 1261 1423 videtur,
1285 1372 1481 1420 Socrate.

219 1441 289 1486 So
330 1441 508 1483 Nonne
525 1438 671 1480 -modo
698 1453 877 1497 semper
910 1453 992 1496 ego
1021 1451 1145 1482 eram
1178 1441 1253 1497 qui
1281 1441 1481 1487 interro-

107 1508 298 1582 gabam?

214 1579 282 1619 Al.
311 1575 448 1620 Vero.

215 1643 288 1686 So.
349 1644 426 1687 Tu.
446 1657 555 1693 vero
575 1640 907 1700 respondebas?

215 1714 286 1754 Al.
344 1710 461 1753 Sane
487 1709 681 1767 quidem,

216 1777 289 1819 So.
346 1777 469 1834 Quid
492 1777 665 1835 igitur?
694 1775 809 1818 dicta
834 1783 933 1818 uter
954 1784 1157 1819 nostrum
1175 1774 1397 1835 protulit?

216 1847 289 1887 Al.
345 1844 515 1887 Videor
550 1859 653 1886 sane
669 1875 681 1892 ‚
714 1843 895 1886 Socrate
908 1875 921 1898 ‚
960 1859 1019 1886 cx
1040 1845 1101 1886 eis
1122 1861 1234 1902 quae
1254 1847 1478 1890 concessi-

106 1924 208 1952 mus
233 1923 328 1965 ego.
796 1947 798 1949 ,

221 1975 294 2018 So.
351 1975 510 2033 Nonne
531 1975 755 2017 dicebatur
776 1976 882 2017 iusti
902 1986 946 2020 et
963 1977 1118 2022 iniusti
1136 1977 1303 2021 nullam
1323 1987 1478 2022 tenere·

109 2043 337 2086 scientiam
361 2042 609 2085 Alcibiades
629 2041 815 2099 pulcher
839 2042 1011 2084 Cliniae
1029 2042 1170 2095 filius,
1207 2044 1281 2085 sed
1305 2055 1476 2101 putare,

1181 1710 1199 1726 *-

110 2119 154 2152 et
184 2111 233 2152 in
266 2111 527 2152 concionem
557 2110 701 2151 iturus
734 2123 827 2150 esse
862 2108 1097 2151 consilium
1135 2108 1478 2156 Atheniensibus
1539 2126 1541 2128 ·

110 2177 292 2219 daturus
325 2177 377 2219 de
411 2177 544 2220 rebus
574 2191 764 2232 quarum
798 2175 968 2218 nullam
1003 2175 1232 2220 scientiam
1261 2178 1477 2224 haberet?

109 2258 262 2288 nonne
280 2245 368 2287 hoc
389 2260 437 2286 er
441 2245 516 2287 at?

217 2314 288 2352 Al.
346 2312 474 2363 Sane,
509 2311 686 2370 opinor.

221 2377 293 2419 So.
349 2378 469 2436 Ergo
506 2379 553 2422 id
584 2380 699 2435 quod
732 2377 968 2436 Euripides
1000 2378 1061 2422 ait
1080 2379 1207 2421 nobis
1229 2394 1312 2422 usu
1331 2364 1475 2434 venit,

2 2464 5 2473 2
39 2489 49 2494 ,
110 2443 360 2497 Alcibiade3
391 2461 450 2489 ex
472 2454 539 2498 te,
567 2455 616 2489 ut
636 2446 796 2501 liquet
821 2444 906 2487 hoc
927 2446 1160 2497 audivisti,
1179 2460 1283 2488 non
1306 2461 1363 2488 ex
1384 2463 1471 2500 me,

111 2525 256 2566 neque
286 2526 363 2566 ego
389 2512 431 2554 id
451 2513 542 2555 dixi
560 2546 570 2563 ‚
611 2513 685 2555 sed
708 2522 775 2554 tu:
816 2522 865 2556 ut
885 2514 980 2555 sine
1002 2529 1130 2556 causa
1146 2479 1260 2556 inihi
1278 2513 1360 2556 hoc
1384 2515 1469 2556 tri-

110 2577 227 2620 buas.
257 2587 388 2634 atque
408 2580 539 2622 etiam
558 2581 668 2622 bene
689 2579 796 2622 dicis
808 2597 820 2633 3
845 2580 1047 2624 insanum
1060 2583 1178 2624 enim
1191 2581 1347 2638 cepisti
1356 2597 1469 2624 con-

158 2650 265 2686 som.
302 2649 417 2688 Vlll.
1151 2650 1181 2691 P
