1734 2872
447 171 876 227 ALCIBIADE'SI
897 182 1171 226 numus.
1214 208 1216 211 ψ
1393 148 1484 251 icis

125 308 175 351 iu
194 305 270 348 iis
285 316 400 360 quae
420 300 745 348 exercitatione
762 301 990 359 indigent,
1029 315 1115 343 nec
1134 277 1340 344 omnibns
1354 300 1491 343 rebus

127 389 265 431 quum
299 374 540 415 instructus
559 370 700 426 fueris
713 402 728 422 ,
765 374 865 413 tum
886 366 1067 412 demum
1090 354 1298 412 accedere
1314 368 1376 429 ad
1395 383 1492 412 rem

123 441 364 500 publicam.
408 440 415 443 “
1373 459 1392 462 ··

234 507 345 551 ‚Al--
355 505 510 555 Sane,
539 504 748 559 Somate,
775 506 943 550 videris
965 505 1162 562 quidem
1163 503 1285 547 mihi·
1298 510 1406 560 ‘isera
1426 503 1498 546 di-

126 590 256 626 cere,
295 589 344 619 ai
346 573 492 615 bitror
508 581 658 615 tamen
680 570 1143 617 Lacedaemoniorum
1170 571 1306 614 duces
1320 581 1367 638 et
1387 572 1498 615 Per*
1515 577 1518 582 '

128 658 277 686 sarum
289 655 425 698 reges
446 636 560 682 nihil
581 641 845 684 antecellere
863 640 1035 684 ceteiis.
1104 647 1105 650 ’

188 736 190 738 v
242 709 314 752 So.
369 709 456 761 At,
486 723 513 750 o
534 708 682 758 boue,
715 707 977 794 opinionem
996 707 1133 750 istam·
1143 705 1383 750 considera
1392 715 1504 764 qua—

128 777 222 820 lem
242 776 415 819 habeas
706 797 710 800 ·
858 789 859 792 ¹
1184 788 1186 790 ’
1303 791 1305 793 ·

241 843 354 887 Al.
366 845 445 886 De
460 856 654 901 quanam
674 845 760 886 re‘?
799 867 801 869 -

244 911 315 954 So.
369 911 524 954 Primo
546 920 702 955 utrum
723 904 877 954 censes
895 920 940 955 te
951 911 1092 967 magis
1109 909 1384 971 tibimetips1
1395 925 1508 953 con-

135 977 386 1021 sulturum
383 993 516 1032 esse,
557 981 594 1021 si
621 988 825 1021 vereare·
833 995 901 1022 ac
910 988 1041 1037 putes
1060 977 1159 1021 illos
1185 978 1387 1022 eximios
1399 993 1508 1033 esse,

135 1046 310 1086 necne?
456 1056 458 1059 ·

246 1111 345 1157 Al.
379 1114 527 1166 Patet,
555 1113 592 1155 si
615 1105 808 1156 eximios
829 1126 901 1156 eos
921 1111 1190 1155 existimem.
1231 1103 1268 1125 '⁷'

251 1180 327 1222 So
382 1182 503 1223 Num
523 1182 662 1237 igitul
678 1189 807 1238 putas
827 1189 872 1224 te
891 1180 1042 1222 damni
1055 1178 1399 1258 quidfacturum
1406 1193 1513 1231 esse,

138 1246 176 1288 si
195 1245 499 1303 tibimetipsi
494 1248 729 1292 consulas.
722 1250 757 1278 9
866 1256 870 1260 ’

248 1314 323 1355 Al
379 1314 594 1367 Minime,
631 1313 708 1356 sed
726 1314 875 1372 potius
895 1327 1105 1370 magnam
1126 1327 1203 1355 me
1220 1284 1328 1356 inde
1342 1313 1514 1357 utilita-

138 1390 231 1425 tem
253 1390 490 1439 capturum
505 1394 611 1423 esse.
686 1391 690 1394 ’
890 1395 894 1403 “
1177 1395 1180 1399 ·

251 1450 323 1492 So.
380 1449 538 1506 »Itaque
567 1449 655 1492 hoc
687 1462 830 1493 unum
858 1457 1033 1506 tantum
1062 1449 1230 1493 malum
1259 1448 1394 1492 habet
1415 1449 1517 1508 opi-

140 1515 220 1560 nio
246 1517 345 1560 ista.

254 1585 331 1627 Al.
386 1585 508 1630 Vera
541 1585 672 1628 dicis.

255 1654 328 1698 So.
388 1652 525 1710 Quod
556 1666 666 1694 vero
698 1651 944 1694 secundum
961 1661 1050 1704 est,
1092 1652 1226 1696 etiam
1245 1652 1404 1698 falsam
1424 1670 1518 1698 esso

146 1734 206 1762 ex
228 1720 291 1762 eis
313 1735 426 1777 quae
445 1721 741 1778 probabiliter
767 1728 1008 1763 sumuntur
1026 1719 1244 1777 perspice-
1268 1726 1273 1751 ἒ
1299 1743 1301 1745 ·
1332 1747 1333 1750 =

257 1797 330 1839 Al.
389 1796 484 1855 Qui
507 1797 720 1840 tandem?

258 1873 332 1916 So.
390 1873 557 1917 Utrum
576 1890 632 1932 pl
635 1873 807 1917 obabile
834 1882 899 1916 est
918 1873 1105 1917 meliora
1116 1875 1330 1918 exsistere
1342 1875 1523 1933 ingenia

151 1939 202 1980 in
223 1953 358 1996 gene1
361 1955 447 1982 osls
467 1941 725 1997 generibus,
750 1956 913 1983 necne
906 1942 927 1971 9

264 2013 339 2058 ΑΖ.
370 1998 593 2063 Dubium
614 2031 705 2058 non
724 2024 789 2057 est
808 2015 919 2072 quin
935 2015 985 2058 in
1003 2018 1246 2072 generosis.

267 2091 342 2135 So.
398 2090 561 2132 Nonne
595 2090 710 2133 bene
752 2097 908 2141 natos,
951 2105 1091 2147 quum
1119 2093 1234 2136 bene
1263 2091 1526 2149 educentur,

155 2167 251 2203 tum
269 2157 492 2216 perfectos
511 2157 612 2200 fieri
629 2157 684 2199 ad
702 2156 949 2202 virtutem?

265 2235 343 2279 Al.
379 2234 588 2278 Necesse
609 2242 698 2277 est.

269 2313 342 2357 So.
400 2310 659 2368 Spectemus
683 2310 846 2367 igitur,
882 2311 1017 2355 rebus
1037 2313 1222 2357 illorum
1243 2320 1417 2360 nostras
1438 2333 1524 2375 op·-

156 2387 398 2437 -poneutes,
424 2394 483 2423 fic
512 2379 715 2436 primum
744 2378 1009 2435 quide-man
1033 2381 1269 2425 videantur
1287 2384 1526 2429 vilioribus

158 2437 530 2502 essessgeneribus
561 2445 1015 2493 Lacedaemoniorum
1046 2462 1095 2490 ac
1116 2449 1350 2493 Persarum
1376 2467 1526 2510 reges;

164 2527 223 2555 an
239 2512 472 2564 nescimus,
495 2512 595 2555 illos
614 2528 708 2554 esse
727 2514 779 2556 ab
798 2513 1004 2567 Hercule,
1038 2515 1118 2557 hos
1143 2532 1251 2559 vero
1275 2518 1329 2560 ab
1351 2519 1528 2561 Achae-

163 2593 295 2621 mene
328 2579 562 2631 oriundos,
594 2579 797 2621 Herculis
829 2589 975 2626 autem
1008 2590 1053 2625 et
1074 2583 1368 2630 Achaemenis
1390 2601 1526 2644 genus

164 2662 190 2688 a
209 2647 369 2689 Perseo
395 2646 513 2689 Iovis
531 2646 624 2689 filio
646 2647 823 2705 repeti?
