1754 2912
406 602 908 655 EUTHYPHRO
958 599 1383 653 SOCRATES.

205 727 311 789 Eu,
351 739 474 797 Quid
494 750 586 786 tam
607 743 742 797 novi,
781 743 989 795 Socrate,
1016 740 1177 784 accidit
1198 747 1247 782 ut
1266 746 1316 781 tu
1336 739 1488 794 Lyceo
1511 738 1588 783 re:

205 808 312 850 licto
356 809 432 852 ubi
472 811 642 854 versari
672 812 842 855 solebas
881 811 958 853 hic
987 810 1078 853 iam
1114 822 1295 853 versere
1321 807 1440 851 circa
1468 804 1588 861 regis

205 875 465 932 porticum?
519 895 668 937 neque
717 880 840 923 enim
882 878 965 922 tibi
1006 891 1184 935 quoque
1223 874 1419 919 arbitror
1458 874 1586 918 litem

196 941 423 999 ‘agendam
451 962 544 999 esse
564 948 683 1005 apud
704 963 860 1006 regem
873 980 886 1002 ‚
914 948 1028 991 sicut
1048 944 1179 988 mihi.

322 1011 394 1057 So,
442 1013 733 1072 Nequaquam
763 1015 903 1069 hanc,
938 1011 1236 1071 Euthyphro,
1272 1010 1402 1054 litem
1424 1008 1587 1069 appeL,

209 1076 304 1121 lant
321 1079 642 1137 Athenienses,
670 1082 748 1125 sed
773 1083 1113 1127 accusationem.

319 1147 412 1191 Εα.
459 1149 586 1206 Quid
614 1150 712 1193 ais?
753 1157 857 1193 tene
883 1149 1068 1206 aliquis,
1107 1156 1159 1191 ut
1175 1147 1382 1205 videtur,
1410 1153 1590 1189 accusass

207 1212 307 1258 vit?
331 1223 478 1273 neque
498 1217 620 1260 enim
639 1217 725 1260 hoc
747 1217 1014 1263 existimabo
1034 1225 1077 1260 te
1096 1215 1290 1262 alterum
1299 1207 1586 1261 accusax'risse,

318 1284 392 1328 So.
426 1283 620 1327 Minime
649 1299 774 1328 vero.

318 1352 410 1395 Εα.
454 1351 543 1396 Sed
572 1361 617 1397 te
644 1352 790 1397 alius?

320 1420 398 1465 So.
447 1420 529 1464 Ita.

316 1489 412 1533 Eu.
462 1487 578 1546 Quis
614 1487 730 1532 iste?

318 1556 394 1599 So.
443 1556 514 1601 Ne
544 1556 643 1616 ipse
674 1555 878 1615 quidem,
904 1553 1203 1613 Euthyphro,
1239 1554 1344 1598 satis
1364 1553 1472 1596 novi
1497 1553 1589 1596 ho-‘
1642 1580 1647 1584 -

210 1625 402 1680 :minemq
435 1639 544 1667 nam
573 1623 822 1669 adolescens
854 1622 1038 1681 quidam
1066 1622 1181 1666 mihi
1209 1622 1389 1667 videtur
1420 1637 1514 1664 esse
1544 1631 1589 1665 et

208 1681 412 1751 ignotus}
449 1701 614 1736 vocant
643 1701 795 1736 autem
826 1706 957 1744 eum,
997 1690 1048 1734 ui
1066 1689 1222 1742 fallor,
1257 1690 1483 1734 Melitam.
1523 1698 1589 1732 est

207 1760 248 1803 is
271 1772 384 1818 pago
404 1758 645 1803 Pitthensis
657 1778 672 1815 3
708 1761 746 1804 si
767 1773 901 1818 quem
922 1758 1169 1802 meministi
1190 1758 1467 1802 Pitthensem
1484 1758 1586 1798 Me-

208 1828 340 1871 litum
355 1861 368 1882 ,
399 1828 566 1887 quippe
583 1826 818 1872 hominem
837 1841 966 1871 coma
985 1826 1233 1885 promissa,
1259 1840 1408 1885 neque
1426 1824 1589 1869 admo-

213 1896 319 1939 dum
341 1895 602 1951 barbatum,
627 1911 734 1940 naso
757 1905 907 1940 autem
930 1895 1118 1938 adunco.

322 1963 410 2006 Eu.
453 1963 557 2006 Non
587 1965 827 2018 recordor,
868 1963 1066 2007 Socrate.
1104 1971 1172 2017 at,
1209 1976 1399 2019 quaeso,
1427 1969 1589 2017 quam-j

213 2045 317 2074 nam
335 2029 530 2073 intendit
551 2029 635 2072 tibi
659 2031 910 2075 actionem?

325 2097 398 2140 So.
442 2094 660 2153 Quaeris,
699 2096 867 2153 quam?
904 2111 1023 2148 non,
1061 2102 1113 2138 ut
1136 2094 1251 2140 mihi
1269 2094 1477 2147 videtur,
1515 2095 1588 2152 igu'

211 2165 436 2218 nobilem3
476 2163 800 2207 adolescentem
831 2163 952 2206 enim
980 2177 1080 2206 rem
1110 2170 1278 2206 tantam
1300 2162 1586 2220 perspexisse

212 2233 403 2275 minime
425 2230 514 2275 vile
537 2240 614 2275 est.
653 2230 734 2275 scit
751 2230 899 2283 enim,
939 2237 990 2272 ut
1008 2230 1093 2283 ait,
1122 2245 1211 2287 quo
1229 2238 1358 2288 pacto
1380 2245 1587 2275 cerrum-2

213 2309 380 2358 pantur
409 2300 730 2353 adolescentes,
766 2306 811 2341 et
841 2299 919 2356 qui
947 2299 1038 2342 sint
1067 2299 1144 2356 qui
1172 2313 1246 2342 eos
1266 2305 1585 2355 corrumpant3

214 2383 266 2410 ac
308 2366 511 2425 suspicor
538 2382 684 2426 prope
720 2381 824 2409 eum
854 2382 947 2410 esse
975 2382 1035 2410 ex
1068 2367 1369 2425 sapientibus3
1405 2366 1585 2420 iamque

214 2436 253 2478 is
287 2435 464 2493 cognita
490 2435 665 2478 inscitia
692 2450 815 2488 mea,
841 2435 1010 2494 quippe
1030 2433 1360 2492 corrumpentis
1381 2431 1585 2490 aequa-les

214 2501 381 2559 ipsius,
419 2517 492 2546 me
521 2511 803 2548 accusaturus
828 2513 894 2546 est
921 2503 1040 2560 apud
1068 2502 1316 2554 civitatem,
1345 2501 1469 2544 velut
1487 2513 1585 2541 ma-

218 2579 348 2616 trem.
386 2570 566 2614 videtur
595 2580 743 2615 autem
775 2571 890 2616 mihi
918 2572 1039 2615 solus
1065 2585 1142 2616 ,res
1181 2569 1335 2614 civiles
1364 2575 1485 2615 recte
1509 2581 1588 2616 or:
