1670 2872
606 149 1057 203 EUTHYPHRO.'
1458 161 1514 197 95

266 287 339 331 So.
381 284 537 340 Itaque
555 289 631 324 aut
654 288 782 322 antea
800 291 894 320 non
913 283 1035 318 recte
1054 271 1412 326 concedebamus,
1431 279 1523 322 aut,

156 356 192 401 si
213 355 319 400 §unc
341 361 464 396 recte
479 383 490 403 ,
517 363 637 391 nunc
660 361 749 389 non
771 359 879 389 vere
901 343 1145 387 statuimus.

262 423 350 466 Eu.
408 419 482 463 Sic
505 417 695 460 videtur.

254 484 339 533 (So.
396 488 516 543 Ergo
551 483 605 526 ab
636 482 767 527 initio
805 496 961 524 rursus
994 480 1120 523 nobis
1154 474 1525 521 considerandum

157 565 222 600 est
249 555 355 614 quid
382 555 439 598 sit
469 553 624 612 pium3
663 565 809 607 neque
837 549 984 599 enim,
1023 548 1284 606 priusquam
1315 543 1529 595 didicero,

157 621 258 668 mea
286 631 404 666 certe
425 623 652 665 voluntate
682 617 897 676 ignavum
928 631 1001 658 me
1031 613 1266 657 exhibebo.
1299 623 1343 657 at
1369 627 1427 654 ne
1455 625 1530 654 me

161 690 442 750 despexeris,
471 688 544 731 sed
568 686 691 729 omni
712 686 847 729 modo
870 685 1070 727 animum
1093 680 1298 731 intende,
1327 686 1378 721 ut
1399 693 1535 736 quam

159 759 360 803 maxime
381 772 500 800 nunc
523 770 680 799 verum
705 754 872 796 doceas.
899 751 1016 795 nosti
1036 751 1155 794 enim
1177 748 1312 800 illud,
1352 747 1390 790 si
1411 747 1536 804 quis-

162 843 292 884 quam
306 857 318 879 ,
346 840 492 882 neque
514 839 559 866 es
579 820 866 865 dimittendus
881 852 894 874 ,
924 819 1049 877 quasi
1070 818 1181 861 alter
1211 818 1396 859 Proteus
1409 847 1422 868 ,
1452 831 1536 857 an·-

161 903 338 951 tequam
358 890 539 935 dixeris.
564 906 668 933 nam
690 889 776 932 nisi
795 890 928 946 plane
947 901 1094 930 nosses
1114 877 1242 943 piuin
1264 893 1307 928 et
1324 883 1534 941 impium,

163 960 282 1003 haud
302 973 406 1001 sane
430 958 711 1000 sustinuisses
737 964 925 1014 propter
954 954 1184 996 hominem
1206 952 1540 1004 mercenarium

166 1041 319 1070 senem
339 1027 620 1081 eundemque
640 1033 817 1082 patrem
845 1022 987 1064 caedis
1007 1035 1240 1071 accusare,
1270 1019 1344 1061 sed
1370 1027 1413 1062 et
1433 1020 1539 1070 deos

166 1094 328 1138 timens
352 1091 588 1150 refugisses
616 1090 895 1150 periculum,
924 1104 983 1131 ne
1015 1087 1061 1130 id
1082 1102 1173 1129 non
1202 1095 1324 1129 recte
1352 1071 1540 1139 faceres,

169 1170 212 1205 et
235 1160 469 1203 hominum
492 1159 664 1216 pudore
683 1158 737 1202 ab
765 1173 817 1200 eo
847 1163 1079 1199 revocatus
1102 1169 1227 1197 esses.
1249 1169 1368 1196 nunc
1388 1162 1539 1197 autem·

168 1236 341 1272 certum
360 1227 451 1268 scio
475 1235 518 1268 te
542 1233 742 1268 accurate
762 1224 843 1267 tibi
865 1223 1010 1265 videri
1034 1237 1300 1278 cognoscere
1323 1221 1449 1279 pium
1472 1231 1543 1264 at-

171 1311 258 1353 que
280 1293 486 1351 impium.
508 1307 645 1349 quare
663 1292 747 1345 dic,
770 1290 834 1334 mi
852 1292 1019 1349 optime
1039 1288 1308 1348 Euthyphro
1321 1320 1334 1342 ,
1356 1303 1439 1331 nec
1461 1304 1539 1331 ce-

173 1356 237 1409 les
259 1362 366 1419 quid
384 1368 511 1419 putes
531 1360 579 1403 id
598 1375 701 1403 esse.

277 1430 370 1473 Ειι.
428 1429 577 1481 Alias,
602 1427 668 1472 mi
693 1426 920 1480 Socrates3
961 1441 1081 1468 nunc
1110 1424 1232 1468 enim
1258 1424 1407 1484 aliquo
1432 1442 1539 1486 pro·

169 1513 305 1558 pero,
335 1507 379 1542 et
398 1507 574 1555 tempus
595 1494 709 1540 mihi
728 1503 792 1537 est
809 1493 915 1536 hinc
935 1493 1073 1538 abire.

282 1566 357 1611 So.
402 1565 526 1624 Quid
548 1565 654 1620 agis,
683 1562 846 1606 amice!
877 1577 936 1605 ex
957 1575 1118 1619 magna
1135 1576 1209 1604 me
1229 1575 1306 1619 spe
1331 1561 1541 1605 deturba-

172 1643 270 1678 tum
287 1633 526 1689 relinquis,
551 1647 638 1689 qua
660 1631 843 1675 tenebar
863 1630 963 1672 fore
980 1637 1030 1673 ut
1050 1629 1125 1672 abs
1143 1637 1187 1671 te
1205 1629 1283 1686 pia
1304 1639 1434 1685 atque
1450 1631 1540 1673 im-

174 1701 251 1760 pia
274 1701 454 1743 edoctus
475 1716 500 1742 a
523 1699 670 1743 Meliti
699 1699 973 1746 accusatione
993 1698 1234 1747 liberarer,
1265 1698 1538 1740 ostendendo

175 1770 217 1811 ei
239 1784 310 1812 me
330 1784 449 1816 nunc
466 1783 620 1811 rerum
642 1767 896 1811 divinarum
917 1766 970 1808 ab
980 1764 1309 1822 Euthyphrone
1328 1765 1542 1808 scientem

178 1851 271 1878 esse
291 1835 485 1887 factum,
514 1851 659 1892 neque
687 1837 778 1878 iam
803 1848 913 1892 prae
946 1833 1200 1891 ignorantia
1228 1834 1283 1875 de
1311 1831 1380 1875 his
1405 1833 1541 1875 rebus

177 1918 419 1960 perperam
441 1905 606 1946 sentire
627 1911 669 1946 et
690 1905 923 1960 quicquam
946 1915 1130 1952 novare,
1155 1909 1285 1958 atque
1308 1900 1442 1945 etiam
1465 1915 1543 1951 ref

178 1970 348 2027 liquam
368 1971 506 2014 vitam
527 1972 688 2014 melius
706 1985 781 2014 me
801 1985 895 2013 esse
914 1970 1151 2014 victurum.
