1734 2872
361 126 791 171 ALCIBIADES
818 125 1105 170 :PRIMt-Js.
1319 127 1412 166 219

159 248 232 291 Al.
290 243 425 288 Velut
459 257 618 300 graece
647 242 780 298 loqui
800 242 855 283 ab
878 239 961 282 hac
983 239 1153 294 didici,
1181 253 1273 281 nec
1276 240 1420 291 alium

44 315 215 373 possim
238 311 512 369 magistrum
557 310 757 363 dicere,
766 308 874 363 sed.
891 307 949 348 ad
976 307 1164 360 eandem
1195 322 1423 374 provoco,

45 397 178 439 quam
197 388 244 424 tu
256 394 396 437 negas
416 378 617 436 probam
632 390 729 433 esse
739 370 1019 432 magistram..

154 451 216 489 So.
273 445 413 498 Sane,
451 445 524 487 vir
557 443 762 501 egregie,
798 441 932 484 huius
968 442 1153 498 quidem
1188 444 1257 486 rei
1281 445 1428 502 proba
1463 442 1465 444 ’

45 525 109 559 est
126 514 334 573 magistra
359 511 629 566 multitud03
658 519 702 554 et
721 512 823 554 iure
854 509 1030 553 laudari
1059 516 1212 568 potest
1233 525 1286 554 ea
1302 512 1353 555 in
1375 527 1428 556 ro

50 582 444 626 docenda..
671 620 673 625 ,

154 649 228 695 Al.
285 647 379 693 Cur
399 647 641 694 tandem?
671 689 674 692 ,
1166 678 1170 681 .

218 715 409 774 ‚Quia
428 714 564 760 habet
580 700 629 761 id
649 714 771 773 quod
791 714 937 759 bonos
951 711 1124 757 habere
1144 722 1432 773 oportetma÷
1458 748 1463 750 -

47 787 224 845 gistros-

157 852 234 896 Al.
290 852 416 910 Quid
436 852 522 895 hoc
543 847 700 895 dicis?
766 888 769 890 .

159 920 231 966 So.
285 920 449 964 Nonne
480 919 566 962 3013
590 934 703 977 opor
705 927 802 961 tere
821 918 900 974 qui
918 917 1089 974 aliquid
1109 917 1254 962 velint
1274 918 1436 964 dooere

51 988 173 1045 ipsos
193 986 397 1044 primum
417 987 464 1029 id
486 985 771 1042 intelligere?
799 998 858 1027 an
876 985 1005 1040 nep?

162 1055 236 1097 Al.
296 1052 505 1110 Quidni?

163 1123 233 1164 So.
290 1122 459 1166 Nonne,
494 1118 683 1164 scientes
721 1127 900 1178 oportet
942 1118 1064 1162 inter
1104 1134 1153 1163 30
1184 1120 1438 1176 concinere,

55 1204 149 1231 non
172 1189 460 1245 discrepaime
439 1187 461 1216 ⁹

162 1255 238 1299 Al.
296 1255 432 1298 Vero.

169 1325 242 1368 So.
300 1322 354 1365 In
385 1321 547 1379 quibus
582 1336 693 1364 veio
708 1297 1006 1380 discrepant,
1048 1320 1160 1365 haec
1182 1321 1336 1367 dices
1321 1338 1441 1385 lpsos

58 1391 205 1435 scire?

169 1459 246 1501 Al.
303 1428 513 1503 Minime.

170 1527 245 1570 So.
301 1516 539 1569 Horumne
575 1523 716 1583 igitur
757 1526 958 1570 doctores
1001 1525 1151 1584 aliquo
1177 1526 1325 1571 modo.
1348 1543 1443 1573 0330

63 1594 310 1654 poterunt?
729 1615 731 1617 ’

171 1662 250 1715 Al.
291 1662 348 1722 *N
353 1661 447 1721 ullo
475 1660 630 1704 modo.

175 1731 250 1774 So.
308 1728 432 1786 Quid
464 1728 636 1787 igitur?
670 1743 726 1771 an
745 1729 928 1774 videtur
948 1730 1032 1774 tibi
1051 1730 1308 1790 discrepare
1329 1733 1451 1775 mul-

66 1797 210 1841 titudo
229 1797 267 1840 si
290 1797 520 1854 quaeritur
542 1796 650 1854 quid
670 1796 785 1854 lapis
805 1799 880 1841 vel
900 1798 1074 1857 lignum
1096 1800 1186 1843 sit?
1216 1809 1259 1844 et
1269 1802 1306 1843 si
1317 1816 1451 1858 quem

71 1865 320 1920 interrogas
335 1895 347 1915 ‚
377 1879 527 1907 nonne
545 1865 856 1920 consentiunt,
883 1872 1026 1924 quum
1047 1868 1245 1926 lapidem
1268 1869 1342 1911 vel
1364 1870 1454 1926 lig-

70 1947 182 1975 num
214 1930 374 1971 volunt
407 1931 600 1987 capere?
641 1939 686 1974 et
723 1932 786 1974 310
816 1935 967 1978 omnia
998 1936 1179 1992 generis
1217 1936 1453 1979 eiusdem?

72 1998 170 2041 fere
204 1995 562 2054 enimrintelligo
591 2011 748 2053 graece
778 1999 904 2056 loqui
938 2002 1066 2044 scire·
1085 2011 1130 2045 te
1160 2002 1248 2045 hoc
1281 2002 1455 2058 dicere3

72 2065 258 2109 nonne?

187 2131 262 2177 Al.
322 2131 460 2175 Vero.

185 2201 258 2244 So.
316 2200 479 2244 Nonne
507 2199 646 2256 igitur
674 2199 723 2242 in
753 2199 848 2253 his,
896 2202 1299 2258 quaemadmodum
1336 2204 1459 2248 dixi-

76 2284 200 2322 mus,
233 2269 356 2312 inter
383 2283 431 2310 se
454 2268 739 2311 consentiunt
755 2277 800 2311 et
819 2268 908 2326 ipsi
931 2284 1083 2314 secum
1104 2272 1347 2329 privatim,
1386 2282 1458 2317 at·-

0 2383 1 2387 ,
78 2352 167 2394 que
186 2336 320 2380 etiam
338 2336 518 2395 publice
539 2335 739 2378 civitates
760 2335 879 2381 inter
903 2351 1051 2381 3011011
1062 2338 1325 2404 disceptant,
1345 2341 1457 2384 aliae

81 2404 192 2455 hoc,
224 2404 335 2447 aliae
352 2403 466 2446 illud
485 2411 753 2447 statuentes
737 2404 759 2432 ‘²

193 2472 272 2514 Al.
322 2471 532 2514 Minime

197 2539 266 2581 So:
325 2538 556 2583 Nimirum
585 2540 727 2600 igitur
758 2541 892 2586 etiam
918 2541 1082 2586 harum
1105 2545 1287 2601 quidem
1306 2561 1462 2591 rerum

85 2605 198 2649 boni
221 2613 353 2648 erunt
379 2605 613 2651 doctores?
