1696 2898
609 192 1106 265 LACHEsQ“
1376 211 1469 251 5ffl

109 320 199 378 git‚;
229 329 280 377 ut
312 319 515 368 oratione>
547 332 645 383 eam
672 333 767 380 non
799 316 1027 376 potuerim
1045 320 1281 377 complecti
1300 334 1383 365 nec
1401 321 1472 366 di-

106 402 208 443 cere
237 387 345 444 quid
379 387 446 431 sit.

215 480 286 524 So.
341 482 518 536 Nonne,
547 483 702 535 amice,
731 483 901 526 bonum
929 490 1187 526 venatorem
1209 497 1343 527 cursu
1359 498 1470 543 per-j

58 600 62 604 .
102 548 230 606 sequi
254 548 379 591 decet
400 564 481 592 nec
499 550 763 594 remittere?

210 644 303 689 La.
356 647 418 689 Pr
420 660 544 688 orsus
564 646 649 689 isto
669 644 819 690 modo.

212 743 284 785 So.
343 741 489 787 Visne.
509 741 645 798 igitur
667 742 842 786 Niciam
865 755 1042 798 quoque
1059 739 1180 784 hunc
1199 742 1467 788 advocemus

102 808 157 851 ad
187 810 498 863 venationem,
535 809 575 852 si
607 809 764 854 melius
795 823 930 868 quam
959 824 1044 852 nos
1068 809 1339 869 investigare
1357 827 1463 871 pos7

99 876 156 919 sit
174 876 196 919 ¹?

156 979 161 994 2
210 951 304 995 La.
361 951 478 997 Volo
492 969 508 1007 3
537 950 727 1010 quidni?

209 1048 282 1091 So.
339 1048 543 1105 Agedum
557 1081 571 1100 ,
607 1050 760 1102 Nicia,
805 1049 915 1093 viris
960 1048 1114 1094 amicis
1151 1049 1228 1108 qui
1257 1064 1463 1095 sermone

96 1123 320 1171 tamquam
338 1115 543 1158 fluctibus
561 1117 778 1159 iactantur
800 1116 967 1160 auxilio
987 1117 1107 1171 veni,
1135 1117 1172 1160 si
1192 1132 1279 1175 qua
1299 1127 1464 1175 potue-

97 1182 176 1224 ris.
213 1197 295 1224 nos
332 1183 452 1225 enim
482 1182 603 1225 vides
642 1192 917 1241 quantopere
947 1183 1237 1227 haesitemus:
1276 1191 1326 1225 tu
1354 1198 1462 1226 vero

95 1248 284 1290 dicendo
304 1250 412 1305 quid
434 1265 610 1293 censeas
631 1250 942 1294 fortitudinem
963 1265 1056 1292 esse
1066 1265 1147 1293 nos
1171 1249 1462 1293 haesitatione

98 1317 279 1378 exsolve
299 1324 341 1358 et
360 1316 457 1373 ipse
481 1316 597 1371 quod
616 1317 750 1360 sentis
771 1317 971 1361 oratione
991 1317 1222 1360 confirma.

205 1410 289 1454 Ni.
347 1408 577 1455 videmini
605 1410 743 1468 igitur
769 1410 884 1457 mihi
903 1410 1167 1473 iamdudum
1199 1426 1294 1454 non
1322 1417 1461 1466 recte}

100 1479 278 1522 Socrate
292 1510 305 1532 ‚
334 1478 584 1521 definivisse
606 1475 940 1532 fortitudinem3
980 1476 1098 1534 quod
1119 1476 1241 1524 enim
1259 1492 1285 1521 a
1306 1487 1350 1522 te
1369 1480 1461 1523 iam

94 1543 246 1588 audivi
268 1558 406 1602 quum
424 1546 538 1588 bene
562 1546 755 1598 diceres,
777 1545 865 1586 hoe
886 1557 980 1586 non
997 1544 1194 1588 utimini.

206 1643 277 1686 So
334 1642 565 1698 Quidnam
585 1638 671 1680 hoe
694 1646 783 1691 est,
808 1635 971 1680 Nicia?

203 1714 286 1759 Ni
343 1715 526 1772 Saepius
568 1711 720 1756 audivi
753 1724 887 1769 quum
921 1708 1090 1753 diceres
1123 1710 1176 1753 ad
1211 1727 1262 1755 ea
1291 1711 1460 1757 bonum

97 1797 189 1827 esse
212 1796 433 1860 quemque
453 1789 655 1824 nostrum
671 1780 721 1822 in
741 1777 901 1836 quibus
919 1778 1094 1836 sapiens
1113 1787 1238 1830 esset,
1267 1794 1458 1836 quorum

95 1868 204 1895 vero
224 1851 387 1907 inscius
407 1856 544 1902 esset,
567 1848 623 1891 ad
641 1861 692 1889 ea
712 1847 897 1888 malum.

205 1929 277 1972 So.
300 1930 302 1932 ’
333 1923 457 1970 Vero
475 1923 626 1981 hercle
647 1920 753 1964 diois
766 1954 779 1975 ,
806 1917 951 1964 Nicia

204 1997 287 2046 Ni.
342 1997 504 2046 Nonne
526 1996 564 2042 si
582 1996 709 2042 fortis
730 2005 794 2040 est
812 1997 979 2051 bonus),
1002 2003 1129 2054 [patet
1150 2011 1254 2040 eum
1276 1991 1455 2056 sapien—

97 2077 187 2115 tem
210 2069 333 2112 esse?

208 2148 280 2189 So.
338 2137 594 2196 Audistine,
624 2134 822 2185 Laches?

206 2222 293 2266 La.
347 2221 443 2278 Ego
476 2219 678 2276 quidem,-
703 2216 859 2266 audio,
889 2215 965 2259 sed
997 2223 1087 2258 non
1109 2210 1241 2274 plane
1259 2212 1454 2272 intelligo

101 2288 206 2347 quid
225 2290 350 2333 dicat.

213 2365 281 2408 So.
338 2365 398 2407 At
434 2372 512 2419 ego
548 2370 656 2419 puto
679 2371 752 2402 me
773 2355 1048 2416 intelligere,
1086 2366 1127 2400 et
1149 2357 1326 2399 videtur
1345 2353 1456 2398 mihi

100 2429 172 2475 vir
193 2432 454 2488 sapientiam
459 2398 692 2486 „quandam
712 2426 1019 2469 fortitudinem
1047 2423 1203 2467 dicere.

353 2500 497 2563 Quid,
525 2502 742 2547 Socrate?
770 2502 1056 2559 sapientiam.
1040 2501 1061 2530 Ῥ

209 2505 295 2624 So..
339 2582 496 2623 Nonne
514 2578 631 2622 hunc
651 2578 698 2620 id
716 2578 958 2635 interrogas
972 2577 993 2619 ‘?

210 2657 300 2700 La.
357 2654 473 2701 Sane
497 2655 689 2714 quidemo
1081 2710 1083 2712 η

160 2730 272 2766 Tom.
302 2727 415 2768 Vm.
1076 2714 1161 2760 Kk
