1734 2872
374 140 824 230 'ALcnz‘lAn‘ns
845 142 1243 207 ‚sEcUN'Du-st
1409 167 1500 206 319

113 292 123 298 ‘
242 286 341 338 A.
376 282 743 343 Quidmaxime‚
767 279 987 330 Socrate?
1291 321 1293 323 ,

195 397 212 409 Α,
233 363 329 405 ¹1330.v
351 361 473 405 Hoc
502 358 621 418 quod
645 354 825 402 videtur
848 355 951 399 *fere
983 351 1268 413 reliquarum
1297 357 1506 404 scientia-
1561 392 1563 394 ψ

134 445 238 475 rum
251 429 510 488 possessio,
540 423 749 484 nisiquis
772 423 869 467 eius
889 423 1011 481 quod
1030 424 1252 481 optimum
1277 422 1344 470 es't
1357 426 1507 471 scien-

132 501 238 542 tiam
262 497 492 549 habuerit,
516 510 618 538 raro
637 492 866 551 prodesse,
910 491 989 534 sed
1007 490 1183 534 maiore
1202 508 1261 535 ex
1278 503 1407 551 parte
1426 494 1509 537 ob-

133 582 227 608 esse
246 563 561 608 eam-habenti.
590 560 822 606 considera
839 573 950 601 vero
969 559 1046 602 sic.
1068 574 1218 602 nonne
1239 576 1417 604 necesse
1426 562 1511 606 tibi

131 634 311 677 videtur
340 630 534 685 esse„⁷-=si
567 628 676 687 quid
705 627 779 671 vel
809 625 960 670 facere
997 627 1073 672 vel
1116 627 1264 670 dicere
1299 629 1511 684 velimus,

134 709 236 743 ante
267 699 417 743 omnia
440 715 524 743 nos
552 696 765 743 arbitrari
794 696 910 738 scire
929 696 1004 739 vel
1024 709 1134 738 vere
1153 709 1234 738 nos
1255 695 1370 742 scire
1388 698 1435 738 id
1455 697 1512 739 ad

133 768 252 824 quod
279 771 353 813 vel
382 766 623 812 dicendum
649 767 724 809 vel
758 763 1018 808 faciendum
1046 763 1354 822 promptiores
1372 764 1511 807 simus

133 835 313 881 futuri?
334 827 339 832 ⁴
426 835 430 841 '
458 864 460 867 »
675 863 685 901 4

195 935 198 937 ·
244 912 320 955 Al.
355 911 496 956 Mihi
517 927 623 955 sane
644 910 840 955 videtur.

246 989 318 1031 So.
358 989 521 1031 Nonne
541 988 742 1045 exempii
758 1001 888 1031 causa
898 985 1104 1030 rhetores
1117 992 1192 1027 aut
1203 984 1390 1029 scientes
1403 1001 1515 1031 con-

136 1054 208 1098 sili
239 1055 372 1098 dandi
402 1061 480 1096 aut
512 1055 774 1102 arbitrantes
797 1070 845 1097 se
860 1054 976 1096 scire
999 1053 1236 1096 consilium
1256 1052 1387 1095 nobis
1410 1055 1517 1098 dant

138 1122 424 1180 quandoque,
463 1121 539 1164 alii
566 1123 621 1166 de
640 1121 759 1164 bello
782 1123 832 1164 aie
855 1136 988 1180 pace,
1014 1120 1092 1163 alii
1114 1120 1168 1162 de
1185 1121 1425 1164 moenibus
1442 1123 1517 1166 vel

134 1189 339 1246 portibus
367 1189 712 1233 construendis?
748 1205 839 1232 uno
869 1189 1034 1242 verbo,
1074 1202 1382 1246 quaecumque
1400 1189 1518 1232 civi-

133 1263 199 1298 tas
230 1256 321 1314 ag'it
348 1271 451 1300 cum
478 1256 565 1299 alia
594 1256 773 1300 civitate
810 1258 883 1300 vel
909 1256 1005 1314 ipsa
1036 1269 1216 1307 secum,
1247 1269 1298 1298 ea
1318 1269 1470 1298 nonne
1492 1271 1518 1298 e

134 1323 368 1366 rhetorum
391 1323 578 1366 consilio
599 1323 830 1381 pendent?
931 1315 946 1321 ‘

243 1399 320 1443 Al.
378 1399 501 1444 Vera
525 1399 646 1443 (11013.

247 1476 319 1521 So.
377 1477 495 1522 Vide
522 1484 672 1520 autem
691 1475 825 1524 etiam
847 1474 962 1533 quod
982 1473 1202 1532 sequitur,
1240 1474 1280 1517 si
1301 1475 1383 1518 tibi
1409 1491 1517 1534 per-

139 1543 324 1587 suadere
363 1546 608 1604 potuerim.
657 1559 790 1589 vocas
820 1543 1030 1597 videlieet
1058 1543 1230 1602 aliquos
1261 1543 1521 1602 prudentes,

139 1611 310 1669 aliquos
329 1628 440 1657 vero
461 1612 788 1671 imprudentes.

246 1689 323 1733 Al.
387 1691 530 1734 Voco.

248 1757 323 1800 So.
356 1758 544 1805 ⁴Nonne
581 1756 804 1816 plurimos
835 1754 1172 1814 imprudentes,
1196 1754 1378 1814 'paucos
1406 1772 1516 1802 vero

141 1823 380 1881 prudentes
393 1826 415 1868 ’.Ρ

249 1891 326 1933 ΑΙ.
383 1894 463 1936 Ita.

253 1959 322 2001 So.
379 1954 542 2003 Nonne
594 1961 728 2004 etiam
766 1961 916 2017 aliquo
958 1966 1162 2017 spectans
1207 1965 1424 2024 utrosque
1458 1960 1522 2003 ita

140 2027 302 2069 vocas?
668 2028 671 2031 ’

249 2093 327 2135 Al.
389 2094 528 2137 Vero.

254 2160 327 2204 So.
382 2162 504 2205 Num
536 2161 675 2219 igitur
706 2176 807 2209 eum
842 2160 920 2218 qui
941 2161 994 2203 de
1011 2159 1270 2203 huiusmodi
1291 2175 1344 2202 re
1363 2163 1523 2215 consili

142 2228 277 2280 dandi
307 2229 449 2272 sciens
480 2237 544 2272 est
571 2229 610 2272 si
632 2229 810 2287 ignorat
826 2237 980 2272 utrum
1003 2236 1046 2271 et
1065 2227 1241 2286 quando
1266 2229 1428 2274 melius
1451 2222 1522 2287 sit‘,

141 2296 412 2352 prudentem
434 2312 565 2339 vocas
579 2296 600 2338 ’ἓ

258 2364 333 2407 Al.
385 2365 592 2409 Minime.

256 2432 328 2474 So.
384 2433 540 2491 Neque
575 2433 707 2476 etiam
721 2443 737 2485 ‚‘
773 2433 935 2493 opinor
944 2445 960 2484 ,⁴
1002 2433 1080 2489 qui
1097 2430 1206 2475 belli
1224 2433 1410 2491 gerendi
1432 2435 1522 2477 sci-

146 2513 224 2540 ens
265 2508 354 2554 est,
401 2501 439 2543 si
475 2502 650 2559 ignorat
691 2502 865 2559 quando
911 2501 1075 2546 melius
1102 2501 1160 2545 sit
1195 2509 1238 2545 et
1281 2503 1520 2559 quamdiu;

144 2567 328 2609 nonne?

258 2634 330 2676 Al.
387 2634 552 2680 Etiam.
