1734 2872
477 97 905 142 ALCIBIADES
942 67 1211 145 i’RIMUs
1443 113 1532 150 199

163 221 372 273 balmum
390 216 543 260 multis
566 216 829 278 magnisque
845 216 1066 274 gentibus:
1103 218 1266 262 addere
1285 234 1465 277 possum
1487 230 1531 264 te

161 290 290 332 etiam
319 284 513 328 divitum
548 300 642 328 esse
658 291 844 344 putare.
888 299 1159 342 quamquam
1180 286 1347 331 videris
1371 287 1425 330 de
1446 287 1529 331 hac

155 371 207 400 re
233 353 422 398 minime
451 352 651 409 gloriari.
692 351 744 394 in
772 350 934 408 quibus
959 353 1141 408 quidem
1164 353 1382 397 omnibus
1392 362 1433 397 te
1454 354 1527 397 ia-

155 431 274 466 ctans
297 419 444 469 vicisti
463 426 684 464 amatores
706 426 750 462 et
768 418 819 462 hi
840 418 1026 477 quippe
1025 419 1263 463 inferiores
1281 420 1389 463 victi
1399 430 1524 465 sunt·
1511 454 1527 475 ,

152 505 236 533 nec
264 489 349 531 hoc
375 494 423 528 te
453 485 595 530 latuit.
634 486 856 543 quocirca
872 486 1014 544 probe
1035 485 1128 529 acio
1151 495 1195 529 te
1212 487 1371 532 mirari
1389 502 1528 544 quor-

151 572 254 600 sum
271 555 450 600 tandem
469 561 673 611 spectans
693 568 788 596 non
808 553 1016 597 desistam
1037 553 1093 596 ab
1111 567 1264 598 amore
1284 563 1329 597 et
1348 568 1435 613 qua
1446 570 1527 616 spe

153 626 307 668 ductus
324 636 532 667 maneam
550 636 692 678 quum
712 614 851 665 ceteri
871 620 1145 678 aufugerint.

260 690 336 734 Al.
371 689 439 733 Ac
460 688 603 732 nescis
623 688 822 741 fortasse,
846 687 1042 742 Socrate,
1071 687 1326 746 paullulum
1346 700 1391 735 te
1408 690 1524 734 mihi

150 756 453 802 antevenisse.
492 756 659 800 etenim
677 756 728 800 in
746 755 898 800 animo
922 756 1141 800 habebam
1159 757 1287 815 prius
1312 758 1366 800 ad
1388 765 1433 800 te
1452 773 1526 801 ac-

150 826 308 869 cedere
338 832 382 867 et
407 823 494 866 hoo
520 823 672 882 ipsum
691 824 971 882 interrogare
995 824 1101 882 quid
1123 826 1305 868 tandem
1324 824 1460 868 velles
1479 832 1525 868 et

150 907 389 950 quamnam
412 906 538 950 spem
555 892 737 934 intuens
754 892 1006 936 molestiam
1023 891 1139 936 mihi
1156 893 1339 935 afferres
1353 924 1366 945 ,
1401 907 1524 934 sem-

149 975 234 1017 per
252 959 523 1014 ubicumque
542 973 640 1000 sum
654 959 982 1002 accuratissime
993 968 1036 1002 te
1046 960 1214 1003 sistens.
1230 974 1390 1002 revera
1400 959 1523 1003 enim

149 1027 294 1070 miror
320 1024 429 1082 quid
461 1024 642 1069 tandem
669 1025 751 1070 tihi
774 1025 832 1070 sit
859 1027 1039 1084 negoti,
1080 1040 1130 1069 ao
1161 1026 1440 1084 perlibenter
1472 1026 1521 1070 id
1569 1077 1572 1079 Α

150 1092 467 1152 compererim.
948 1112 950 1114 v

259 1160 332 1202 So.
400 1157 571 1201 Audies
616 1157 757 1215 igitur
774 1174 802 1202 a
847 1175 922 1204 me
932 1168 949 1212 ,⁰
1001 1170 1053 1205 ut
1096 1172 1182 1220 par
1226 1170 1314 1213 est,
1369 1160 1521 1203 animo

145 1234 381 1286 prompto,
424 1224 644 1282 siquidem
657 1257 672 1275 ,
722 1235 772 1270 ut
807 1226 896 1280 ais,
944 1229 1062 1271 scire
1100 1228 1229 1285 cupis
1270 1225 1378 1284 quid
1404 1242 1519 1284 pro-

145 1293 523 1353 positi'habeam3
554 1292 706 1349 itaque
737 1292 884 1339 dicam
917 1293 1002 1340 tibi
1034 1295 1206 1352 quippe
1239 1293 1446 1339 audituro
1467 1308 1518 1337 ae

145 1358 390 1405 mansuro?

253 1427 328 1472 Al.
385 1426 501 1472 Sane
521 1426 729 1485 quidem3
751 1426 900 1485 itaque
920 1426 1005 1471 dic.

254 1497 328 1539 So.
385 1494 503 1540 Vide
539 1494 706 1552 igitur3
749 1509 894 1552 neque
939 1495 1063 1538 enim
1091 1494 1264 1539 mirum
1294 1494 1433 1538 suerit
1465 1494 1522 1549 si,'

144 1562 523 1620 quemadmodum
539 1563 622 1606 vix
642 1562 795 1621 coepi,
822 1562 886 1607 sic
904 1562 1035 1606 etiam
1057 1562 1140 1607 vix
1163 1562 1350 1605 desiero.

251 1631 328 1673 Al.
386 1631 426 1673 Ο
449 1629 565 1672 bone
587 1627 686 1682 dic3
717 1645 818 1674 sum
838 1630 959 1673 enim
984 1629 1232 1674 auditurus.

253 1699 326 1743 So.
383 1697 636 1740 Dicendum
657 1697 752 1740 erit.
778 1712 829 1740 ac
851 1696 1030 1740 difficile
1047 1698 1229 1754 quidem
1249 1697 1435 1740 amatori
1449 1697 1521 1739 vi-'

143 1780 247 1808 rum
267 1765 391 1808 adire
410 1780 501 1807 non
524 1763 791 1807 inferiorem
813 1763 1100 1818 amatoribus,
1135 1773 1330 1808 attamen
1351 1779 1516 1807 conan-

146 1833 254 1874 dum
273 1841 339 1875 est
357 1832 504 1875 dicere
528 1830 636 1888 quid
657 1832 859 1875 sentiam.
887 1846 968 1888 ego
989 1831 1126 1882 enim,
1146 1831 1392 1880 Alcibiade,
1416 1832 1452 1874 si
1475 1839 1518 1874 te

146 1898 356 1941 vidissem
375 1899 425 1940 in
446 1899 507 1940 eis
527 1913 640 1955 quae
658 1899 791 1941 modo
808 1899 1056 1943 memoravi
1075 1899 1427 1955 acquiescentem
1449 1905 1520 1947 atq

147 1979 234 2021 que
264 1964 556 2008 arbitrantem
579 1966 719 2017 vitam
749 1966 798 2008 in
827 1966 916 2009 illis
941 1966 1023 2009 tibi
1050 1980 1144 2007 esse
1168 1965 1519 2021 transigendam‚'

145 2031 410 2075 iamdudum
431 2031 486 2073 ab
503 2045 654 2073 amore
664 2031 942 2082 destitissem,
969 2031 1192 2087 quomodo
1203 2031 1315 2074 mihi
1326 2045 1516 2088 persua-

147 2100 252 2151 deo3
295 2115 415 2142 nunc
445 2105 594 2140 autem
615 2096 701 2138 alia
718 2095 800 2138 tibi
819 2096 1024 2139 indicabo
1048 2112 1159 2154 quae
1178 2105 1336 2141 statuta
1353 2096 1516 2141 habeas

146 2182 250 2210 cum
272 2166 437 2218 animo,
468 2179 526 2207 ex
547 2178 637 2220 quo
660 2163 792 2206 etiam
818 2178 1052 2220 cognosces
1072 2179 1147 2206 me
1168 2180 1413 2223 numquam
1422 2168 1515 2209 non

148 2242 194 2278 te
213 2234 466 2277 attendisse.
495 2230 663 2274 videris
680 2230 804 2281 enim
823 2230 950 2282 mihi,
975 2230 1012 2274 si
1034 2231 1133 2289 quis
1158 2231 1238 2275 tibi
1259 2232 1365 2275 deus
1379 2233 1518 2276 dixe-

145 2302 208 2344 rit
242 2302 281 2344 O
305 2299 562 2352 Alcibiade,
596 2307 752 2342 utrum
782 2299 850 2340 vis
878 2298 1033 2341 vivere
1062 2298 1226 2341 habens
1255 2313 1367 2355 quae
1395 2315 1517 2342 nunc

149 2367 281 2411 habes
314 2383 371 2410 an
403 2367 551 2411 statim
578 2365 718 2418 mori,
757 2363 844 2407 nisi
862 2364 944 2407 tibi
962 2365 1140 2410 licuerit
1157 2369 1287 2424 plura
1306 2367 1479 2424 assequi
1492 2368 1515 2409 ’ἓ

147 2435 328 2488 videris,
353 2436 552 2492 inquam,
570 2433 684 2476 mihi
702 2440 894 2475 mortem
913 2441 1252 2491 praeoptaturus
1267 2450 1373 2479 esse.
1394 2450 1515 2477 nunc

149 2517 258 2544 vero
280 2502 386 2558 quid
405 2502 584 2545 tandem
609 2500 658 2543 in
678 2515 755 2558 spe
772 2499 936 2542 habens
957 2500 1104 2543 vivis?
1142 2516 1221 2560 ego
1241 2501 1398 2545 dicam.
1428 2517 1514 2559 pu·-

152 2577 244 2621 tas‚
282 2584 418 2626 quum
453 2569 652 2627 primum
683 2568 731 2611 in
766 2568 923 2628 populi
943 2566 1228 2614 Atheniensis
1256 2570 1516 2614 concionem
