1734 2872
398 173 831 220 'ALCIBIADES
868 175 1139 219 PRIMUS.
1358 186 1457 223 203⁷

157 287 278 354 ’ΛΖ
333 299 489 357 Longe
521 311 646 340 vero
658 292 817 348 mihi
823 293 1036 349 Socrate,
1071 297 1194 339 nunc
1218 295 1459 342 admirabi-

95 328 181 416 lior
204 367 368 412 videris
389 381 508 417 esse,
523 362 767 423 postq'uam
789 362 973 420 coepisti
992 363 1149 420 loqui·,·
1169 376 1305 422 quam
1323 380 1460 423 quum

95 437 244 482 tacitus
264 450 338 477 me
359 433 628 490 sequeba1e3
657 444 926 488 quamquam
949 430 1081 473 etiam
1093 439 1195 474 tunc
1206 433 1462 491 planehanc

93 504 285 563 speciem
305 516 413 560 prae
433 508 477 544 te
499 498 687 542 ferebas.
714 497 1025 554 utrum-igitur
1047 510 1127 555 ego
1151 499 1260 544 haec
1282 498 1465 543 consilia

92 573 253 629 agitem
277 585 359 612 nec
378 583 451 621 ne,
474 577 524 611 ut
542 573 679 624 patet,
705 573 989 622 perspectum
1009 565 1159 617 habes,
1188 567 1306 623 quod
1332 569 1465 611 etiam

92 639 128 680 si
153 637 409 695 negaverim
424 667 436 687 ‚
472 633 589 677 nihil
607 631 721 675 mihi
740 631 943 690 proderit
961 632 1010 675 in
1026 633 1073 677 id
1094 636 1144 676 ut
1162 633 1246 677 tibi
1279 650 1468 691 persua-

94 706 239 748 deam.
266 705 358 748 iam
376 702 535 747 verosi
555 700 755 749 maxime
765 698 1221 758 lioomihiprop‘osui,
1243 703 1465 758 quomodo

90 788 175 831 per
196 782 241 815 te
267 771 310 814 id
337 785 556 829 assequar,
577 769 674 812 sine
697 776 742 811 te
763 782 872 812 vero
897 782 990 812 non
1011 767 1279 826 perficiam?
1306 769 1466 812 habes-

93 856 152 882 ne
173 840 356 883 dicere?
1026 870 1031 877 «
1054 873 1058 878 .
1267 852 1271 854 ’
1305 847 1310 854 “
1388 851 1390 853 ’

205 908 276 950 So.
333 906 454 950 Num
483 906 731 961 interrogas
750 917 808 947 an
827 902 1077 946 orationem
1096 904 1274 962 possim.>
1287 903 1469 963 longam

95 973 300 1025 recitare,
324 975 472 1029 quales
493 972 646 1014 audire
665 971 919 1014 consuesti?
946 970 1031 1014 hoe
1049 986 1159 1014 vero
1180 983 1272 1014 non
1285 980 1471 1015 *estme-

96 1054 193 1082 um.
222 1045 267 1082 at
286 1037 519 1082 ostendere
538 1038 636 1088 tibi,
661 1045 714 1080 ut
728 1036 933 1090 arbitror,
957 1045 1117 1094 potero
1132 1037 1369 1090 'homsiose
1387 1037 1471 1081 ha·-

97 1107 228 1158 bme,
275 1105 312 1150 si
342 1101 475 1150 modo
504 1120 649 1149 unum
677 1112 854 1149 tantum
872 1103 998 1148 mihi
1024 1105 1223 1148 volueris
1254 1106 1472 1163 exiguum

101 1173 297 1216 officium
315 1180 558 1229 praestare.
1220 1182 1228 1191 ‘
1249 1208 1254 1217 ,
1389 1212 1391 1215 .

207 1239 284 1282 Al.
343 1238 460 1283 Sane
481 1238 518 1282 si
541 1238 659 1281 haud
677 1237 854 1283 difficile
875 1238 984 1280 dicis
1005 1223 1230 1293 officinm,
1255 1240 1396 1290 volo.

214 1307 284 1349 So.
339 1306 464 1349 Num
497 1305 677 1348 difficile
707 1305 888 1348 videtur
915 1307 1191 1363 respondere
1215 1305 1270 1352 ad
1290 1322 1341 1350 ea
1361 1311 1474 1365 quae

99 1374 430 1432 interrogantur
440 1374 463 1416 ‘l
1183 1391 1186 1394 v

209 1441 287 1487 Al.
343 1440 475 1484 Haud
503 1438 695 1483 difficile.

210 1510 285 1554 So.
340 1507 576 1567 Responde
597 1507 748 1566 igitur.

210 1578 286 1622 Al
341 1578 588 1633 Interroga.
1122 1608 1126 1613 x

211 1645 285 1689 So.
342 1644 487 1703 Igitur
515 1654 692 1686 sumens
722 1650 767 1686 te
794 1605 842 1686 id
868 1643 1152 1702 propositum
1172 1619 1339 1689 habere
1360 1646 1478 1704 quod

106 1712 204 1756 dico
221 1713 471 1768 interrogo.

215 1779 291 1822 Al.
348 1778 474 1829 Esto,
497 1778 535 1820 si
560 1777 644 1830 vis,
670 1777 747 1829 ita,
777 1785 829 1822 ut
849 1777 1054 1826 videlicet
1086 1760 1348 1839 cognoscam
1370 1781 1480 1840 quid

110 1847 288 1889 tandem
310 1847 368 1890 sit
389 1837 507 1902 quod
525 1845 656 1888 dicas.

222 1913 293 1955 So.
348 1912 445 1968 Age
465 1911 592 1953 dum:
628 1913 793 1968 cogitas
813 1914 933 1958 enim
949 1947 964 1965 ,
990 1923 1040 1959 ut
1060 1915 1133 1960 aio
1147 1947 1160 1968 ‚
1187 1916 1319 1959 brevi
1337 1916 1479 1974 spatio

109 1978 356 2038 procedere
375 1978 430 2019 ad
447 1977 629 2020 consilia
648 1978 992 2024 Atheniensibus
1015 1982 1171 2024 danda.
1195 1983 1287 2025 iam
1308 1983 1346 2024 si
1367 1991 1411 2025 te
1433 1983 1482 2024 in

111 2055 370 2103 suggestum
401 2058 684 2087 ascensurum
713 2047 939 2100 prendens
969 2062 1121 2102 rogem
1156 2048 1195 2089 Ο
1218 2048 1484 2100 Alcibiades,

114 2115 168 2156 de
197 2129 389 2172 quanam
421 2127 473 2154 re
495 2109 788 2154 Athenienses
822 2112 1015 2168 cogitant
1033 2114 1304 2166 consultare,
1344 2130 1484 2172 quum

113 2189 164 2225 tu
192 2181 337 2239 surgis
371 2179 603 2223 consilium
631 2178 863 2227 daturus?
880 2193 937 2221 an
960 2179 1014 2222 de
1035 2180 1098 2224 eis
1125 2196 1238 2238 quae
1258 2191 1308 2226 tu
1325 2184 1483 2228 melius

116 2249 244 2293 calles
269 2263 405 2305 quam
425 2247 526 2292 illi?
557 2245 663 2304 quid
681 2246 946 2303 respondeas
960 2247 983 2291 Ῥ

225 2317 300 2362 Αἰ.
358 2314 519 2360 Dicam
561 2328 666 2356 sane
704 2327 816 2369 quae
843 2315 1004 2359 melius
1033 2330 1167 2373 quam
1196 2316 1264 2361 illi
1293 2317 1485 2360 calleam.

227 2383 300 2426 So.
357 2381 485 2440 Quae
505 2381 643 2435 igitur
663 2380 806 2435 calles,
828 2381 877 2424 in
898 2382 960 2425 eis
985 2382 1127 2428 bonus
1140 2399 1185 2428 es
1195 2384 1485 2429 consiliarius.

228 2450 303 2494 Al.
361 2449 598 2507 Quippini.

234 2517 308 2559 So.
364 2517 525 2559 Nonne
545 2517 667 2558 -haec
695 2524 866 2561 tantum
892 2518 1021 2562 calles
1041 2534 1154 2576 quae
1175 2521 1228 2564 ab
1252 2520 1349 2565 aliis
1372 2521 1488 2564 didi-

126 2582 222 2628 cisti
242 2583 316 2627 vel
333 2584 437 2642 ipse.
449 2584 658 2627 invenisti
670 2584 691 2625 ’Β

236 2650 313 2695 Al.
372 2649 464 2706 Qui
485 2659 659 2710 possem
681 2651 765 2701 alia
786 2652 978 2696 callere?
