1734 2872
432 144 853 219 ALCIBIADES
888 164 1156 215 ramus.
1386 181 1478 218 253

126 296 311 355 dagogos
341 302 527 346 vocant3
555 300 666 337 sunt
695 306 802 336 vero
834 290 894 334 hi
918 291 1068 335 selecti
1091 290 1295 339 ePersis
1287 290 1376 349 qui
1399 307 1486 349 op·-

125 362 238 404 timi
254 351 475 405 videntm
483 368 622 404 aetate
636 359 848 402 fiorentes
867 368 1100 414 quattuor,
1139 358 1484 415 sapientissimus

125 437 168 471 et
191 428 457 471 iustissimus
484 435 528 470 et
556 425 986 483 temperantissimus
1009 435 1054 468 et
1070 426 1350 471 fortissimus.
1376 442 1486 483 quo-

111 512 222 539 ‚rum
242 511 356 539 unus
376 472 555 553 quidem
577 507 813 551 magorum
834 492 1115 550 disciplinam
1137 493 1262 537 docet
1294 510 1320 539 a
1340 495 1489 537 Zoro-

121 572 238 606 astre
261 561 523 610 Horomazis
541 561 634 604 filio
658 559 883 604 conditam
903 564 990 610 (est
1007 568 1157 602 autem
1175 559 1282 603 haec
1301 562 1488 606 deorum

124 632 314 684 cultus),
363 630 492 676 docet
517 644 626 672 vero
655 629 788 672 etiam
820 642 1005 677 munera
1036 627 1184 683 regia3
1222 627 1506 672 iustissimus

125 714 229 741 eum
260 698 391 740 docet
418 712 579 741 verum
613 695 760 739 dicere
789 711 873 754 per
905 710 1086 738 omnem
1116 694 1278 748 vitam,
1316 704 1492 754 tempe-

123 764 403 808 rantissimus
426 779 451 806 a
469 765 592 807 nulla
617 779 664 807 se
686 764 782 820 regi
806 763 954 806 sinere
974 763 1215 820 voluptate,
1240 771 1290 805 ut
1311 764 1493 807 adsues-

125 839 193 876 cat
221 832 337 874 liber
370 841 464 881 esse
496 846 692 889 vereque
726 846 838 881 rex,
876 829 1113 873 moderans
1141 837 1243 872 ante
1263 832 1412 874 omnia
1434 833 1491 874 iis

127 914 238 954 quae
267 900 318 942 in
351 899 450 956 ipso
471 907 597 949 sunt,
638 913 731 940 non
751 897 973 950 serviens,
1010 896 1273 940 iustissimus
1297 897 1494 956 intrepi-

129 966 234 1017 dum
255 974 486 1022 metusque
504 974 736 1023 expertem
756 965 884 1021 fingit
899 994 910 1012 ,
937 964 1103 1021 quippe
1127 965 1228 1020 qui,
1259 964 1296 1007 si
1317 974 1496 1008 metue-

124 1042 219 1081 ret,
246 1045 400 1074 servus
419 1041 544 1075 esset.
571 1032 654 1076 tibi
675 1041 838 1083 autem,
869 1031 1114 1081 Alcibiade,
1142 1031 1335 1074 Pericles
1361 1048 1497 1090 prae-

127 1099 236 1142 fecit
266 1098 569 1157 paedagogum
597 1114 829 1142 servorum
857 1098 1194 1142 inutilissimum
1214 1107 1404 1156 propter
1422 1117 1496 1143 se-

130 1176 378 1219 nectutem,
421 1168 657 1223 Zopyrum
688 1166 927 1213 Thracem,
968 1180 1246 1224 exponerem
1277 1167 1411 1211 etiam
1441 1167 1496 1211 de

128 1234 302 1290 reliqua
338 1233 698 1294 adversariorum
736 1242 920 1276 tuorum
954 1234 1212 1276 educatione
1243 1241 1287 1276 et
1310 1234 1495 1278 institu-

128 1302 278 1353 tione,
307 1300 404 1349 'nisi
431 1300 616 1356 longum
645 1307 784 1353 esset3
820 1300 954 1343 simul
987 1309 1030 1343 et
1050 1300 1283 1349 haecsatis
1301 1316 1401 1350 rem
1418 1303 1496 1345 de-

132 1369 301 1411 clarant
331 1376 374 1411 et
405 1376 550 1411 cetera
581 1366 652 1408 his
683 1367 1009 1422 consequentia.
1052 1376 1103 1410 tu
1132 1383 1242 1411 vero
1269 1370 1495 1425 quomodo

129 1445 255 1479 natus
274 1436 347 1486 sis,
376 1433 622 1491 Alcibiade,
654 1441 697 1475 et
713 1433 922 1476 educatus
940 1434 1262 1492 institutusque,
1290 1437 1363 1479 vel
1383 1439 1496 1481 alius

131 1503 228 1560 quis
263 1502 632 1553 Atheniensium,
672 1501 719 1544 id
752 1502 944 1544 neminis
976 1501 1072 1545 fere
1099 1502 1313 1556 interest,
1352 1506 1439 1547 nisi
1458 1506 1498 1548 si

132 1571 229 1628 quis
259 1579 431 1614 amator
465 1578 531 1613 est
555 1569 634 1613 tui.
674 1569 713 1610 si
745 1583 881 1626 porro
919 1569 988 1612 vis
1016 1570 1191 1613 divitias
1219 1580 1420 1629 spectare
1454 1581 1498 1615 et

129 1639 361 1681 luxuriam
391 1645 436 1680 et
454 1645 597 1680 vestes
619 1644 662 1680 et
678 1644 876 1693 syrmata
896 1645 940 1680 et
960 1646 1290 1694 unguentorum
1312 1640 1499 1682 affluen-

132 1707 239 1749 tiam
280 1715 323 1748 et
359 1705 708 1763 pedisequorum
753 1704 927 1760 copiam
955 1706 1231 1762 reliquasque
1258 1707 1498 1752 Persarum

131 1773 336 1825 lautitias,
357 1771 540 1830 pudebit
559 1780 602 1814 te
618 1771 776 1814 tuimet
794 1771 950 1828 ipsius,
971 1772 1295 1829 ,intelligentem
1309 1784 1500 1831 quanto·-

133 1852 242 1896 pere
259 1839 345 1883 illis
364 1841 505 1882 cedas.
531 1839 568 1881 si
589 1854 695 1882 vero
707 1839 1160 1884 Lacedaemoniorum
1183 1842 1373 1886 volueris
1393 1859 1500 1901 spe-

137 1913 254 1947 ctare
283 1906 620 1962 temperantiam
649 1915 692 1950 et
727 1905 1076 1950 moderationem
1104 1918 1149 1951 et
1178 1909 1433 1953 facilitatem
1456 1919 1500 1953 et

126 1972 392 2015 ,comitatem
423 1982 467 2015 et
492 1972 901 2029 magnanimitatem
939 1983 981 2016 et
1003 1975 1172 2018 ordinis
1195 1977 1500 2020 conservatio-

135 2054 241 2082 nem
273 2046 315 2081 et
344 2037 655 2081 fortitudinem
685 2047 728 2080 et
758 2039 1067 2083 tolerationem
1099 2051 1142 2084 et
1169 2042 1434 2087 industriam
1457 2052 1500 2087 et

135 2106 313 2149 virtutis
334 2104 672 2148 aemulationem
694 2112 736 2147 et
757 2104 941 2146 honoris
964 2107 1250 2164 cupiditatem
1265 2141 1276 2161 ‚
1304 2126 1500 2167 puerum

135 2182 178 2216 te
199 2173 426 2231 putaveris
453 2187 547 2215 esse
567 2172 615 2214 in
634 2171 755 2213 hisce
777 2171 999 2214 omnibus.
1044 2175 1201 2230 quodsi
1229 2177 1360 2221 etiam
1382 2179 1500 2222 divi-

135 2242 208 2300 tiis
247 2240 413 2297 aliquid
442 2239 624 2292 tribuis,
661 2254 743 2281 nec
772 2238 857 2282 hoc
886 2241 1013 2282 nobis
1046 2242 1265 2291 indictum
1298 2254 1412 2296 esto,
1461 2246 1499 2288 si

135 2309 301 2351 sentire
321 2308 461 2366 possis
480 2307 529 2349 in
551 2322 638 2363 qua
657 2306 715 2349 sis
734 2320 872 2348 causa.
903 2307 956 2348 de
974 2307 1060 2350 hoc
1081 2311 1226 2364 enim,
1260 2313 1299 2356 si
1321 2313 1386 2356 vis
1409 2313 1500 2357 La-

139 2375 526 2418 cedaemoniorum
550 2374 724 2417 divitias
748 2374 1041 2426 considerare,
1073 2392 1309 2435 cognosces
1327 2389 1500 2424 nostras

128 2441 315 2485 ,illorum
337 2443 495 2500 opibus
514 2442 708 2484 multum
732 2442 901 2486 cedere.
927 2443 981 2484 de
1001 2459 1211 2500 agrorum
1241 2446 1372 2490 enim'
1389 2463 1499 2505 quos

138 2509 365 2565 possident
389 2518 480 2552 tam
510 2510 559 2552 in
589 2524 667 2551 sua
700 2525 831 2565 quam
859 2510 907 2552 in
931 2511 1132 2555 Mesenia
1164 2523 1284 2557 terra
1306 2517 1434 2573 copia
1457 2526 1501 2560 et

138 2577 408 2632 praestantia
434 2592 515 2618 nec
546 2592 656 2618 unus
691 2577 744 2618 de
775 2578 1043 2620 nostratibus
1063 2595 1164 2623 cum
1185 2582 1290 2639 ipsis
1315 2592 1499 2624 conten-

142 2641 239 2693 det,
277 2658 421 2698 neque
445 2644 577 2687 etiam
599 2644 652 2685 de
672 2659 906 2687 servorum
926 2647 1224 2716 possessione,
1259 2651 1498 2707 praecipue
