1734 2872
401 152 823 196 ALCIBIADES
857 150 1227 194 SECUNDUS.
1400 154 1490 190 329

133 287 224 316 non
253 271 315 316 ita
341 271 487 315 multo
516 279 643 330 post,
665 269 728 313 id
753 268 872 326 quod
894 276 942 312 tu
965 272 1141 327 quoque
1159 265 1394 321 monebas,
1419 279 1496 309 re-

133 347 276 382 cantet
296 340 421 396 quasi
442 347 545 383 vota
567 352 680 396 quae
698 335 902 396 primum
924 334 1092 377 fecerat
1108 341 1203 376 retr
1205 340 1366 378 actans.

239 427 312 470 So.
368 427 529 470 Nonne
561 425 701 482 igitur
726 422 997 483 prudentior
1023 421 1171 464 nobis
1185 423 1342 479 poeta,
1374 421 1498 465 cuius

129 493 262 538 etiam
304 494 354 537 in
387 492 605 537 sermonis
646 491 792 536 initio
816 490 1095 534 mentionem
1128 489 1340 543 fecimus,
1383 491 1501 534 mala

129 561 263 604 etiam
290 578 315 605 a
333 560 621 620 precantibus
642 569 694 604 ut
715 567 888 603 arceret
909 557 1044 602 deum
1063 556 1272 616 rogavit?

236 649 316 695 Al.
370 649 488 694 Mihi
508 663 613 692 sane
636 648 829 694 videtur.

238 737 312 782 So.
371 737 502 780 Hunc
522 736 683 794 igitur,
723 735 980 790 Alcibiade,
1014 734 1359 779 Lacedaemonii
1384 751 1502 793 quo-

128 818 214 861 que
233 803 410 861 poetam
429 805 677 856 imitantes,
707 804 802 848 sive
823 804 956 849 etiam
974 804 1063 863 ipsi
1081 805 1143 848 ita
1163 805 1381 863 persuasi,
1411 813 1503 846 tam

125 871 341 928 privatim
381 886 514 928 quam
547 871 724 930 publice
754 871 901 915 simile
938 887 1117 930 semper
1144 882 1302 915 votum
1332 871 1504 914 faciunt

130 938 232 981 deos
257 946 433 982 orantes
455 947 506 982 ut
522 939 608 981 sibi
627 938 816 996 pulchra
835 939 888 982 ad
905 939 1021 982 bona
1046 940 1270 992 tribuant3
1296 939 1400 996 plus
1420 956 1506 983 ne-

129 1021 206 1048 mo
227 1006 327 1050 illos
345 1014 576 1063 precantes
598 1006 763 1049 audiet.
792 1007 1004 1063 quocirca
1025 1007 1080 1058 ad
1099 1007 1186 1061 hoc
1204 1015 1380 1065 tempus
1399 1011 1505 1051 nul-

128 1073 183 1115 lis
227 1073 483 1116 hominibus
524 1071 738 1117 felicitate
771 1074 943 1117 cedunt.
991 1075 1151 1131 quodsi
1185 1075 1317 1118 etiam
1347 1075 1507 1119 accidit

129 1148 180 1182 ut
212 1154 303 1181 non
331 1155 549 1197 prospere
578 1140 728 1182 omnia
749 1140 810 1183 eis
833 1140 1098 1198 procedant,
1135 1141 1220 1185 hoc
1241 1150 1392 1185 tamen
1413 1158 1506 1186 non

127 1221 212 1265 per
234 1222 388 1264 preces
408 1221 568 1249 eorum
590 1209 765 1259 eve11it3
794 1223 899 1250 nam
919 1208 968 1250 in
990 1209 1178 1264 deorum
1198 1217 1431 1267 potestate,
1459 1211 1508 1253 ni

126 1273 262 1317 fallor
273 1307 287 1326 ,
328 1275 465 1317 situm
495 1282 560 1316 est
587 1282 639 1316 ut
658 1273 856 1317 tribuant
874 1289 988 1331 quae
1013 1276 1111 1332 quis
1132 1286 1337 1334 precatus
1356 1278 1415 1320 sit
1432 1279 1507 1320 vel

126 1341 292 1385 horum
326 1341 561 1384 contraria.
598 1340 702 1396 volo
733 1351 879 1384 autem
910 1342 992 1385 tibi
1025 1344 1145 1388 aliud
1176 1345 1285 1400 quid
1306 1360 1507 1398 narrare,

130 1411 249 1466 quod
274 1408 509 1469 aliquando
534 1407 685 1450 audivi
710 1423 734 1449 a
761 1408 1012 1452 senioribus
1033 1407 1325 1467 quibusdam;
1364 1414 1509 1458 Athe·-

129 1478 304 1520 nienses
328 1485 369 1519 et
389 1474 733 1518 Lacedaemonii
753 1491 891 1533 quum
911 1476 1030 1520 inter
1054 1494 1103 1535 se
1127 1478 1315 1525 disside1
1318 1491 1406 1534 ent,
1433 1499 1509 1525 ac-

129 1545 286 1588 cidisse
307 1558 486 1603 semper
506 1542 676 1587 civitati
698 1553 876 1586 nostrae
897 1557 948 1587 ut
967 1553 1088 1597 terra
1109 1548 1331 1606 marique,
1357 1550 1510 1615 quoti-

129 1627 367 1670 escumque
389 1623 538 1668 pugna
560 1609 816 1656 committet
819 1619 944 1663 etur,
983 1612 1149 1667 infelix
1163 1625 1289 1671 esset
1301 1633 1381 1666 nec
1401 1635 1507 1672 um..

130 1694 262 1736 quam
287 1678 522 1723 victmiam
543 1677 1510 1742 possetadipisci.Atheniens1bus1g1iu1in-

133 1747 323 1803 dignatis
351 1747 464 1790 hanc
494 1759 616 1787 rem
628 1751 672 1786 et
701 1743 1018 1796 haesitantibus
1049 1763 1260 1805 quonam
1271 1762 1512 1809 oporteiet

133 1815 270 1858 modo
296 1815 405 1869 haec
432 1813 552 1856 mala
590 1827 614 1854 a
642 1827 688 1868 se
714 1820 942 1870 avertere,
974 1815 1055 1857 ubi
1087 1816 1135 1860 in
1155 1819 1424 1869 consilium
1412 1837 1456 1863 iv
1461 1839 1512 1864 e—

131 1880 249 1931 rint,
286 1881 509 1939 optimum
539 1881 687 1926 visum
722 1895 815 1925 esse
844 1880 1022 1942 mittere
1052 1883 1110 1930 ad
1126 1884 1396 1943 Ammonem
1432 1890 1510 1946 qui

134 1961 240 2003 eum
274 1947 558 1993 consulerent
589 1954 633 1992 et
654 1955 886 2004 praeterea
916 1946 1001 1990 hoc
1024 1949 1356 2009 interrogarent
1379 1957 1512 2012 quid..

133 2028 240 2058 nam
271 2027 427 2059 causae
458 2021 572 2058 esset
601 2028 681 2056 cur
704 2012 1067 2063 Lacedaemoniis
1102 2019 1253 2075 potius
1275 2035 1407 2076 quam
1429 2023 1513 2066 sibi

133 2080 370 2136 victoriam
396 2079 459 2125 dii
485 2080 665 2139 darent,
691 2094 830 2134 quum
851 2094 930 2141 nos
953 2080 1035 2136 (ita
1055 2082 1176 2126 enim
1200 2084 1386 2137 dixisse)
1400 2089 1514 2145 plu-

133 2148 252 2191 rima
270 2155 313 2190 et
334 2146 657 2204 pulcheriima
659 2161 689 2187 e
705 2145 888 2193 Giaecis
908 2161 1030 2190 sacia
1046 2147 1291 2205 sach-unm,
1316 2153 1513 2204 donariis

133 2214 446 2260 ornaverimus
485 2228 562 2260 eoi
566 2228 641 2257 um
679 2198 874 2275 templa,
927 2222 978 2260 ut
1011 2217 1126 2263 nulli
1174 2214 1248 2262 alii
1264 2251 1275 2271 ‚
1322 2237 1512 2283 pompas

135 2281 540 2339 sumptuosissimam
558 2280 758 2332 maxima
777 2296 880 2331 curn
901 2285 1192 2332 veneratione
1212 2286 1294 2331 diis
1320 2289 1511 2337 dage-11-

136 2363 257 2394 mus
264 2349 513 2404 quotannis
554 2356 833 2413 tantamque
851 2350 942 2395 vim
987 2353 1205 2408 pecuniae
1244 2355 1338 2401 solv
1329 2359 1512 2406 <nimus

139 2423 348 2473 quantam
369 2430 427 2473 ne
449 2416 648 2492 ιιηίνέιᾪί
672 2416 850 2473 quidem
863 2419 1001 2466 ceteri
1011 2417 1187 2477 Giaeci.
1213 2421 1514 2470 Lacedaemo-

137 2481 204 2528 nii
238 2496 346 2529 vero
367 2497 650 2546 numquam
635 2498 685 2525 m
706 2483 797 2529 ulla
814 2483 896 2527 hax
887 2500 974 2533 um
996 2501 1167 2548 nerum
1168 2503 1328 2535 curam
1348 2507 1514 2550 posue—

137 2557 270 2598 runt,
301 2548 377 2590 sed
398 2549 508 2591 adeo
529 2549 634 2592 deos
647 2541 907 2607 negligunt,
930 2559 979 2594 ut
1000 2543 1131 2596 etiam
1158 2557 1314 2599 mutila
1334 2574 1514 2617 sempei

139 2622 358 2669 mactent,
397 2624 442 2674 et
471 2615 521 2664 in
553 2616 740 2677 1eliquis
759 2618 968 2682 omnibus
986 2621 1180 2678 multum
1194 2624 1328 2696 nobis
1351 2629 1515 2673 cedunt
