1716 2878
655 185 1111 229 EUTHYPHRo.
1213 166 1223 181 '
1515 192 1580 245 6⁷·

185 320 327 365 pones
351 319 492 364 quum
528 303 611 348 tibi
643 302 786 346 otium
816 303 902 348 erit
911 319 927 358 3
954 317 1100 358 nunc,
1129 303 1247 361 quod
1275 303 1412 347 modo
1432 310 1479 349 te
1495 314 1578 350 rod

184 373 370 432 gabam,
399 385 563 416 conare
580 370 760 428 planius
780 369 954 423 dicere3
984 386 1132 429 neque
1153 371 1276 416 enim
1297 381 1439 427 antea,
1456 374 1578 418 'ami-

186 456 237 482 ce
250 473 262 493 ‚
291 454 366 483 me
389 441 492 484 satis
511 438 751 490 edocuisti,
780 453 921 494 quum
946 439 1051 494 quid
1072 439 1201 496 pium
1222 449 1484 485 sanctumve
1505 458 1577 485 es-

186 517 254 550 set
271 507 567 566 quaerebam,
596 506 671 548 sed
703 503 818 549 mihi
842 504 997 548 dixisti
1028 506 1144 548 illud
1172 522 1266 550 esse
1295 507 1427 566 pium
1451 504 1576 567 quod

183 590 304 618 nunc
337 574 506 618 faceres
535 583 709 632 patrem
739 571 883 616 caedis
913 586 1046 616 reum
1070 575 1311 631 postulans.

295 653 386 697 Ea.
443 653 504 696 Et
525 667 687 696 verum
708 651 935 704 dicebam,
965 650 1164 695 Socrate.

295 732 369 774 So.
395 719 399 725 ’
427 732 643 775 Fortasse.
678 739 724 775 at
745 731 869 774 enim
891 730 978 774 alia
997 745 1174 790 quoque
1192 733 1360 788 multa,
1390 733 1568 794 Euthy-

182 798 301 857 phro
315 831 328 853 ‚
359 799 467 843 dicis
490 815 584 842 esse
605 799 717 858 pia?

292 879 384 922 Eu.
441 878 522 922 Est
540 879 614 921 ita.

299 958 372 1002 So.
427 956 694 1002 Recordaris
716 957 964 1001 autemssme
990 971 1084 1000 non
1102 957 1214 1003 illud
1234 966 1279 1002 te
1297 938 1489 1017 iogasse,
1518 966 1577 1004 ut*

184 1041 325 1068 unum
349 1026 562 1082 quiddam
582 1033 657 1066 aut
678 1025 766 1066 duo
784 1039 860 1067 me
883 1025 1065 1067 doceres
1089 1025 1143 1068 de
1164 1025 1320 1068 multis
1351 1032 1469 1083 quae
1492 1025 1570 1084 pia.

186 1101 354 1142 essent,
387 1092 463 1133 sed
491 1092 615 1135 illam
635 1094 780 1150 ipsam
811 1091 1004 1150 speeiem
1031 1107 1117 1149 qua
1147 1093 1300 1136 omnia
1327 1093 1404 1150 pia
1423 1102 1569 1137 essent
1591 1143 1594 1145 Δ

182 1161 274 1218 pia.
303 1159 458 1202 dixisti
480 1159 625 1212 enim,
665 1159 857 1218 opinor,
899 1174 990 1201 una
1024 1157 1215 1216 quadam
1247 1161 1395 1218 specie
1424 1161 1569 1220 impia

183 1243 278 1270 esse
303 1227 445 1284 impia
464 1226 663 1282 itemque
687 1227 763 1282 pia
785 1227 888 1284 pia3
915 1241 1066 1269 annon
1088 1227 1372 1270 meministi?

290 1305 381 1349 Ειι.
438 1304 642 1348 Memini.

293 1384 366 1427 So.
425 1383 661 1443 Quaenam
682 1399 787 1442 ergo
805 1382 916 1426 haec
935 1384 1033 1442 ipsa
1053 1385 1110 1428 sit
1131 1385 1318 1442 species,
1344 1384 1453 1428 doce
1473 1402 1563 1441 me,

182 1451 296 1495 utin
316 1466 414 1494 eam
437 1452 614 1495 intuens
638 1461 681 1496 et
700 1467 750 1495 ea
770 1459 996 1508 tamquam
1018 1451 1270 1509 exemplari
1291 1467 1411 1506 usus,
1432 1454 1562 1510 quic-

183 1520 290 1577 quid
311 1521 395 1563 tale
419 1518 475 1563 sit
494 1536 553 1563 ex
582 1520 640 1563 iis
663 1535 750 1577 que
779 1530 855 1564 aut
877 1530 927 1564 tu
948 1528 1025 1563 aut
1054 1519 1165 1562 alius
1196 1519 1419 1578 quispiam
1446 1520 1564 1575 faci-7

181 1589 267 1642 tis,
293 1588 423 1644 pium
445 1587 589 1630 dicam
614 1603 732 1639 esse,
763 1587 973 1644 quicquid
993 1602 1084 1629 non
1110 1587 1221 1640 tale,
1250 1602 1426 1644 negem.

291 1655 384 1701 Ειι.
443 1656 503 1698 At
521 1656 559 1697 si
577 1655 638 1698 ita
667 1655 735 1697 vis
750 1687 764 1705 ‚
794 1654 987 1709 Socrate,
1015 1654 1078 1698 sic
1100 1669 1280 1712 quoque
1301 1655 1381 1699 tibi
1402 1655 1564 1700 dicam·

292 1723 367 1766 So.
422 1722 495 1765 Sic
525 1737 630 1764 sane
652 1722 768 1764 volo.

291 1790 383 1833 Eu.
440 1790 520 1832 Est
540 1790 678 1847 igitur
708 1788 829 1845 quod
859 1788 943 1832 diis
974 1803 1132 1833 carum
1160 1799 1227 1836 est
1252 1784 1408 1848 pium,
1441 1790 1562 1847 quod

185 1872 336 1902 carum
367 1871 460 1900 non
487 1865 552 1900 est
568 1856 778 1914 impium.

295 1925 365 1967 So.
421 1923 754 1982 Pulcherrime,
791 1925 855 1969 mi
883 1925 1178 1984 Euthyphro,
1219 1934 1264 1968 et
1292 1939 1480 1982 prorsus
1510 1932 1563 1968 ut

186 2004 213 2032 a
231 1997 273 2031 te
298 1991 562 2047 responderi
592 1992 794 2034 volebam
816 1992 878 2034 ita
907 2008 1028 2034 nunc
1050 1992 1346 2049 resPondisti,
1374 2006 1430 2033 an
1451 2005 1562 2033 vere

185 2065 352 2107 tamen,
373 2057 420 2098 id
442 2058 643 2099 nondum
666 2058 784 2110 scio3
804 2058 881 2099 sed
903 2066 950 2099 tu
964 2067 1083 2101 certe
1106 2059 1240 2101 etiam
1261 2057 1436 2101 docebis
1454 2070 1569 2102 vera'

190 2139 282 2165 esse
303 2138 415 2179 quae
438 2123 559 2165 dicis.

296 2191 386 2233 Eu.
442 2190 557 2234 Sane
578 2189 768 2246 quidem.

298 2258 373 2300 So.
431 2259 527 2314 Age
551 2273 656 2314 ergo
671 2290 686 2308 ,
716 2257 1045 2300 consideremus
1069 2257 1199 2314 quale
1224 2258 1282 2302 sit
1306 2259 1422 2316 quod
1449 2259 1562 2303 dici-

186 2342 303 2369 mus.
332 2327 452 2381 quod
479 2327 562 2369 diis
587 2340 740 2368 carum
767 2333 832 2368 est
851 2334 895 2368 et
916 2325 1052 2368 homo
1082 2325 1163 2368 diis
1194 2341 1321 2368 carus
1352 2328 1454 2384 pius
1484 2337 1564 2379 est,

187 2394 304 2450 quod
335 2403 480 2436 autem
502 2394 584 2435 diis
606 2393 804 2435 invisum
835 2400 901 2434 est
929 2401 972 2435 et
992 2392 1126 2434 homo
1158 2393 1242 2435 diis
1272 2394 1442 2436 invisus
1474 2394 1564 2436 im-

188 2461 315 2518 pius3
342 2476 488 2517 neque
510 2469 658 2504 tamen
685 2459 804 2502 idem
834 2467 925 2513 est,
955 2460 1031 2502 sed
1060 2460 1260 2503 maxime
1287 2461 1564 2503 contrarium

190 2528 319 2584 pium
342 2527 500 2584 impii3
531 2527 714 2568 nonne'.>

303 2595 390 2636 Ειι.
447 2595 524 2636 Est
548 2594 620 2636 ita.
646 2603 690 2637 et
712 2601 832 2636 recte
857 2594 1036 2650 quidem
1067 2594 1246 2638 videtur
1265 2595 1432 2637 dictum
1454 2600 1562 2643 esse,

192 2669 245 2703 ut
264 2676 444 2715 censeo,
471 2662 663 2706 Socrate.

1192 2729 1287 2770 1⁴32
