<?xml version="1.0" encoding="UTF-8"?>
<!DOCTYPE html PUBLIC "-//W3C//DTD XHTML 1.0 Transitional//EN"
    "http://www.w3.org/TR/xhtml1/DTD/xhtml1-transitional.dtd">
<html xmlns="http://www.w3.org/1999/xhtml" xml:lang="en" lang="en">
 <head>
  <title>
</title>
<meta http-equiv="Content-Type" content="text/html;charset=utf-8" />
  <meta name='ocr-system' content='tesseract 3.04.00' />
  <meta name='ocr-capabilities' content='ocr_page ocr_carea ocr_par ocr_line ocrx_word'/>
</head>
<body>
  <div class='ocr_page' id='page_1' title='image "./quaeexstantopera08platuoft_0581.png"; bbox 0 0 1696 2898; ppageno 0'>
   <div class='ocr_carea' id='block_1_1' title="bbox 685 140 1521 195">
    <p class='ocr_par' dir='ltr' id='par_1_1' title="bbox 685 140 1521 195">
     <span class='ocr_line' id='line_1_1' title="bbox 685 140 1521 195; baseline 0.004 -15"><span class='ocrx_word' id='word_1_1' title='bbox 685 140 723 182; x_wconf 83' lang='lat' dir='ltr'>L</span> <span class='ocrx_word' id='word_1_2' title='bbox 758 140 856 184; x_wconf 64' lang='grc' dir='ltr'>ΥΒ</span> <span class='ocrx_word' id='word_1_3' title='bbox 890 141 910 182; x_wconf 90' lang='lat'>1</span> <span class='ocrx_word' id='word_1_4' title='bbox 942 143 988 185; x_wconf 84' lang='lat' dir='ltr'>S.</span> <span class='ocrx_word' id='word_1_5' title='bbox 1426 154 1521 195; x_wconf 77' lang='lat'>573</span> 
     </span>
    </p>
   </div>
   <div class='ocr_carea' id='block_1_2' title="bbox 86 258 1519 2671">
    <p class='ocr_par' dir='ltr' id='par_1_2' title="bbox 86 258 1519 2671">
     <span class='ocr_line' id='line_1_2' title="bbox 153 258 1519 319; baseline 0.006 -17"><span class='ocrx_word' id='word_1_6' title='bbox 153 269 196 302; x_wconf 85' lang='lat' dir='ltr'>et</span> <span class='ocrx_word' id='word_1_7' title='bbox 215 258 514 306; x_wconf 77' lang='lat' dir='ltr'>amici.causa.·</span> <span class='ocrx_word' id='word_1_8' title='bbox 569 258 774 304; x_wconf 78' lang='lat' dir='ltr'>Videtur.</span> <span class='ocrx_word' id='word_1_9' title='bbox 829 259 978 305; x_wconf 86' lang='lat' dir='ltr'>Amici</span> <span class='ocrx_word' id='word_1_10' title='bbox 1007 259 1145 319; x_wconf 77' lang='lat' dir='ltr'>igitur</span> <span class='ocrx_word' id='word_1_11' title='bbox 1175 276 1304 314; x_wconf 75' lang='lat' dir='ltr'>causa</span> <span class='ocrx_word' id='word_1_12' title='bbox 1325 266 1519 315; x_wconf 76' lang='lat' dir='ltr'>amicum</span> 
     </span>
     <span class='ocr_line' id='line_1_3' title="bbox 151 326 1519 391; baseline 0.006 -21"><span class='ocrx_word' id='word_1_13' title='bbox 151 337 216 372; x_wconf 83' lang='lat' dir='ltr'>est</span> <span class='ocrx_word' id='word_1_14' title='bbox 237 327 430 371; x_wconf 85' lang='lat' dir='ltr'>amicum</span> <span class='ocrx_word' id='word_1_15' title='bbox 460 336 648 386; x_wconf 80' lang='lat' dir='ltr'>propter</span> <span class='ocrx_word' id='word_1_16' title='bbox 670 326 922 372; x_wconf 84' lang='lat' dir='ltr'>inimicum.</span> <span class='ocrx_word' id='word_1_17' title='bbox 978 327 1145 374; x_wconf 79' lang='lat' dir='ltr'>Patet</span> <span class='ocrx_word' id='word_1_18' title='bbox 1169 331 1293 383; x_wconf 87' lang='lat' dir='ltr'>Iam,</span> <span class='ocrx_word' id='word_1_19' title='bbox 1319 333 1519 391; x_wconf 76' lang='lat' dir='ltr'>inquam,</span> 
     </span>
     <span class='ocr_line' id='line_1_4' title="bbox 148 394 1516 454; baseline 0.003 -15"><span class='ocrx_word' id='word_1_20' title='bbox 148 411 288 454; x_wconf 86' lang='lat' dir='ltr'>quum</span> <span class='ocrx_word' id='word_1_21' title='bbox 318 394 406 437; x_wconf 88' lang='lat' dir='ltr'>huc</span> <span class='ocrx_word' id='word_1_22' title='bbox 433 395 718 444; x_wconf 75' lang='lat' dir='ltr'>venerimus.</span> <span class='ocrx_word' id='word_1_23' title='bbox 755 410 782 437; x_wconf 92' lang='lat' dir='ltr'>o</span> <span class='ocrx_word' id='word_1_24' title='bbox 801 395 960 453; x_wconf 82' lang='lat' dir='ltr'>pueri,</span> <span class='ocrx_word' id='word_1_25' title='bbox 997 395 1284 445; x_wconf 75' lang='lat' dir='ltr'>advertamus</span> <span class='ocrx_word' id='word_1_26' title='bbox 1313 402 1516 448; x_wconf 84' lang='lat' dir='ltr'>animum</span> 
     </span>
     <span class='ocr_line' id='line_1_5' title="bbox 145 460 1517 521; baseline 0.007 -15"><span class='ocrx_word' id='word_1_27' title='bbox 145 479 207 506; x_wconf 89' lang='lat' dir='ltr'>ne</span> <span class='ocrx_word' id='word_1_28' title='bbox 226 463 517 521; x_wconf 80' lang='lat' dir='ltr'>decipiamur.</span> <span class='ocrx_word' id='word_1_29' title='bbox 545 460 711 504; x_wconf 87' lang='lat' dir='ltr'><strong>etenim</strong></span> <span class='ocrx_word' id='word_1_30' title='bbox 740 461 826 504; x_wconf 87' lang='lat' dir='ltr'>hoc</span> <span class='ocrx_word' id='word_1_31' title='bbox 854 461 975 519; x_wconf 85' lang='lat' dir='ltr'>quod</span> <span class='ocrx_word' id='word_1_32' title='bbox 1002 463 1198 509; x_wconf 81' lang='lat' dir='ltr'>amicum</span> <span class='ocrx_word' id='word_1_33' title='bbox 1238 467 1381 512; x_wconf 85' lang='lat' dir='ltr'>amico</span> <span class='ocrx_word' id='word_1_34' title='bbox 1401 471 1517 515; x_wconf 88' lang='lat' dir='ltr'>ami·-</span> 
     </span>
     <span class='ocr_line' id='line_1_6' title="bbox 145 527 1515 590; baseline 0.002 -16"><span class='ocrx_word' id='word_1_35' title='bbox 145 545 248 574; x_wconf 84' lang='lat' dir='ltr'>cum</span> <span class='ocrx_word' id='word_1_36' title='bbox 269 530 418 573; x_wconf 81' lang='lat' dir='ltr'>evadit</span> <span class='ocrx_word' id='word_1_37' title='bbox 445 536 488 571; x_wconf 85' lang='lat' dir='ltr'>et</span> <span class='ocrx_word' id='word_1_38' title='bbox 519 527 657 570; x_wconf 80' lang='lat' dir='ltr'>simili</span> <span class='ocrx_word' id='word_1_39' title='bbox 689 527 836 571; x_wconf 85' lang='lat' dir='ltr'>simile</span> <span class='ocrx_word' id='word_1_40' title='bbox 862 529 1056 586; x_wconf 80' lang='lat' dir='ltr'>amicum</span> <span class='ocrx_word' id='word_1_41' title='bbox 1075 531 1152 583; x_wconf 80' lang='lat' dir='ltr'>fit,</span> <span class='ocrx_word' id='word_1_42' title='bbox 1181 534 1300 590; x_wconf 89' lang='lat' dir='ltr'>quod</span> <span class='ocrx_word' id='word_1_43' title='bbox 1318 535 1515 583; x_wconf 74' lang='lat' dir='ltr'>diximus</span> 
     </span>
     <span class='ocr_line' id='line_1_7' title="bbox 143 595 1515 654; baseline 0.004 -12"><span class='ocrx_word' id='word_1_44' title='bbox 143 598 244 643; x_wconf 81' lang='lat' dir='ltr'>fieri</span> <span class='ocrx_word' id='word_1_45' title='bbox 272 612 364 643; x_wconf 85' lang='lat' dir='ltr'>non</span> <span class='ocrx_word' id='word_1_46' title='bbox 392 610 549 654; x_wconf 86' lang='lat' dir='ltr'>posse,</span> <span class='ocrx_word' id='word_1_47' title='bbox 585 595 772 639; x_wconf 80' lang='lat' dir='ltr'>missum</span> <span class='ocrx_word' id='word_1_48' title='bbox 794 595 936 651; x_wconf 83' lang='lat' dir='ltr'>faci03</span> <span class='ocrx_word' id='word_1_49' title='bbox 971 606 1167 643; x_wconf 81' lang='lat' dir='ltr'><strong>attamen</strong></span> <span class='ocrx_word' id='word_1_50' title='bbox 1192 600 1239 643; x_wconf 88' lang='lat' dir='ltr'>id</span> <span class='ocrx_word' id='word_1_51' title='bbox 1258 605 1463 654; x_wconf 51' lang='lat' dir='ltr'>considm</span> <span class='ocrx_word' id='word_1_52' title='bbox 1466 622 1515 648; x_wconf 88' lang='lat' dir='ltr'>e-</span> 
     </span>
     <span class='ocr_line' id='line_1_8' title="bbox 142 661 1512 727; baseline 0.004 -19"><span class='ocrx_word' id='word_1_53' title='bbox 142 680 270 716; x_wconf 85' lang='lat' dir='ltr'>mus,</span> <span class='ocrx_word' id='word_1_54' title='bbox 307 679 367 706; x_wconf 85' lang='lat' dir='ltr'>ne</span> <span class='ocrx_word' id='word_1_55' title='bbox 398 678 479 705; x_wconf 89' lang='lat' dir='ltr'>nos</span> <span class='ocrx_word' id='word_1_56' title='bbox 502 661 695 719; x_wconf 79' lang='lat' dir='ltr'>decipiat</span> <span class='ocrx_word' id='word_1_57' title='bbox 718 661 833 719; x_wconf 89' lang='lat' dir='ltr'>quod</span> <span class='ocrx_word' id='word_1_58' title='bbox 856 677 978 715; x_wconf 83' lang='lat' dir='ltr'>nunc</span> <span class='ocrx_word' id='word_1_59' title='bbox 1004 666 1262 723; x_wconf 81' lang='lat' dir='ltr'>posuimus.</span> <span class='ocrx_word' id='word_1_60' title='bbox 1274 671 1512 727; x_wconf 83' lang='lat' dir='ltr'>medicina,</span> 
     </span>
     <span class='ocr_line' id='line_1_9' title="bbox 143 728 1513 789; baseline 0.006 -13"><span class='ocrx_word' id='word_1_61' title='bbox 143 733 357 783; x_wconf 85' lang='lat' dir='ltr'>dicimus,</span> <span class='ocrx_word' id='word_1_62' title='bbox 408 728 605 773; x_wconf 76' lang='lat' dir='ltr'>sanitatis</span> <span class='ocrx_word' id='word_1_63' title='bbox 638 742 767 778; x_wconf 85' lang='lat' dir='ltr'>causa</span> <span class='ocrx_word' id='word_1_64' title='bbox 797 729 940 772; x_wconf 85' lang='lat' dir='ltr'>amica</span> <span class='ocrx_word' id='word_1_65' title='bbox 972 741 1052 775; x_wconf 88' lang='lat' dir='ltr'>est.</span> <span class='ocrx_word' id='word_1_66' title='bbox 1110 733 1283 782; x_wconf 74' lang='lat' dir='ltr'>Etiam.</span> <span class='ocrx_word' id='word_1_67' title='bbox 1349 739 1513 789; x_wconf 83' lang='lat' dir='ltr'>Nonne</span> 
     </span>
     <span class='ocr_line' id='line_1_10' title="bbox 142 795 1512 863; baseline 0.007 -20"><span class='ocrx_word' id='word_1_68' title='bbox 142 801 278 845; x_wconf 84' lang='lat' dir='ltr'>etiam</span> <span class='ocrx_word' id='word_1_69' title='bbox 309 799 470 842; x_wconf 82' lang='lat' dir='ltr'>sanitas</span> <span class='ocrx_word' id='word_1_70' title='bbox 503 795 678 839; x_wconf 76' lang='lat' dir='ltr'>amica?</span> <span class='ocrx_word' id='word_1_71' title='bbox 734 795 853 851; x_wconf 86' lang='lat' dir='ltr'>Sane</span> <span class='ocrx_word' id='word_1_72' title='bbox 881 797 1073 854; x_wconf 83' lang='lat' dir='ltr'>quidem.</span> <span class='ocrx_word' id='word_1_73' title='bbox 1130 801 1179 851; x_wconf 88' lang='lat' dir='ltr'>Si</span> <span class='ocrx_word' id='word_1_74' title='bbox 1197 802 1345 860; x_wconf 78' lang='lat' dir='ltr'>igitur</span> <span class='ocrx_word' id='word_1_75' title='bbox 1356 807 1512 863; x_wconf 78' lang='lat' dir='ltr'>amica,</span> 
     </span>
     <span class='ocr_line' id='line_1_11' title="bbox 86 861 1511 931; baseline -0.003 -19"><span class='ocrx_word' id='word_1_76' title='bbox 86 882 88 884; x_wconf 76' lang='grc'>’</span> <span class='ocrx_word' id='word_1_77' title='bbox 140 868 329 912; x_wconf 78' lang='lat' dir='ltr'>alicuius</span> <span class='ocrx_word' id='word_1_78' title='bbox 357 866 426 908; x_wconf 86' lang='lat' dir='ltr'>rei</span> <span class='ocrx_word' id='word_1_79' title='bbox 454 879 582 907; x_wconf 88' lang='lat' dir='ltr'>causa</span> <span class='ocrx_word' id='word_1_80' title='bbox 610 861 754 916; x_wconf 84' lang='lat' dir='ltr'>amica</span> <span class='ocrx_word' id='word_1_81' title='bbox 787 873 861 927; x_wconf 78' lang='lat' dir='ltr'>est.</span> <span class='ocrx_word' id='word_1_82' title='bbox 918 863 1082 917; x_wconf 80' lang='lat' dir='ltr'>Etiam.</span> <span class='ocrx_word' id='word_1_83' title='bbox 1138 867 1200 910; x_wconf 81' lang='lat' dir='ltr'>Et</span> <span class='ocrx_word' id='word_1_84' title='bbox 1223 870 1390 919; x_wconf 69' lang='lat' dir='ltr'>ausicae</span> <span class='ocrx_word' id='word_1_85' title='bbox 1410 875 1511 931; x_wconf 75' lang='lat' dir='ltr'>qui-</span> 
     </span>
     <span class='ocr_line' id='line_1_12' title="bbox 140 930 1511 992; baseline 0.007 -16"><span class='ocrx_word' id='word_1_86' title='bbox 140 937 243 979; x_wconf 87' lang='lat' dir='ltr'>dem</span> <span class='ocrx_word' id='word_1_87' title='bbox 265 934 451 978; x_wconf 80' lang='lat' dir='ltr'>alicuius</span> <span class='ocrx_word' id='word_1_88' title='bbox 472 932 539 975; x_wconf 75' lang='lat' dir='ltr'>lei</span> <span class='ocrx_word' id='word_1_89' title='bbox 560 946 704 981; x_wconf 84' lang='lat' dir='ltr'>causa,</span> <span class='ocrx_word' id='word_1_90' title='bbox 735 930 773 974; x_wconf 90' lang='lat' dir='ltr'>si</span> <span class='ocrx_word' id='word_1_91' title='bbox 793 932 1035 978; x_wconf 81' lang='lat' dir='ltr'>convenire</span> <span class='ocrx_word' id='word_1_92' title='bbox 1055 933 1102 976; x_wconf 86' lang='lat' dir='ltr'>id</span> <span class='ocrx_word' id='word_1_93' title='bbox 1127 934 1257 986; x_wconf 75' lang='lat' dir='ltr'>debet</span> <span class='ocrx_word' id='word_1_94' title='bbox 1276 947 1379 982; x_wconf 80' lang='lat' dir='ltr'>ante</span> <span class='ocrx_word' id='word_1_95' title='bbox 1398 955 1511 992; x_wconf 77' lang='lat' dir='ltr'>con-‚-</span> 
     </span>
     <span class='ocr_line' id='line_1_13' title="bbox 132 998 1510 1057; baseline 0.003 -9"><span class='ocrx_word' id='word_1_96' title='bbox 132 1005 286 1048; x_wconf 80' lang='lat' dir='ltr'>cessis.</span> <span class='ocrx_word' id='word_1_97' title='bbox 312 1030 313 1033; x_wconf 62' lang='lat'><em>=</em></span> <span class='ocrx_word' id='word_1_98' title='bbox 345 1001 462 1046; x_wconf 88' lang='lat' dir='ltr'>Sane</span> <span class='ocrx_word' id='word_1_99' title='bbox 482 999 679 1057; x_wconf 87' lang='lat' dir='ltr'>quidem.</span> <span class='ocrx_word' id='word_1_100' title='bbox 735 998 898 1054; x_wconf 86' lang='lat' dir='ltr'>Nonne</span> <span class='ocrx_word' id='word_1_101' title='bbox 926 999 1061 1044; x_wconf 77' lang='lat' dir='ltr'>etiam</span> <span class='ocrx_word' id='word_1_102' title='bbox 1079 1001 1194 1054; x_wconf 77' lang='lat' dir='ltr'>illud</span> <span class='ocrx_word' id='word_1_103' title='bbox 1212 1018 1371 1054; x_wconf 80' lang='lat' dir='ltr'>rursus</span> <span class='ocrx_word' id='word_1_104' title='bbox 1393 1011 1510 1053; x_wconf 87' lang='lat' dir='ltr'>ami-</span> 
     </span>
     <span class='ocr_line' id='line_1_14' title="bbox 137 1063 1509 1121; baseline -0.002 -6"><span class='ocrx_word' id='word_1_105' title='bbox 137 1088 239 1114; x_wconf 88' lang='lat' dir='ltr'>cum</span> <span class='ocrx_word' id='word_1_106' title='bbox 259 1070 354 1117; x_wconf 63' lang='lat' dir='ltr'>&gt;erit</span> <span class='ocrx_word' id='word_1_107' title='bbox 381 1068 550 1111; x_wconf 82' lang='lat' dir='ltr'>amicae</span> <span class='ocrx_word' id='word_1_108' title='bbox 577 1065 765 1110; x_wconf 79' lang='lat' dir='ltr'>alicuius</span> <span class='ocrx_word' id='word_1_109' title='bbox 781 1066 862 1110; x_wconf 68' lang='lat' dir='ltr'>‘rei</span> <span class='ocrx_word' id='word_1_110' title='bbox 892 1069 1055 1113; x_wconf 73' lang='lat' dir='ltr'>causa?</span> <span class='ocrx_word' id='word_1_111' title='bbox 1121 1063 1283 1121; x_wconf 62' lang='lat' dir='ltr'>Eiigm.</span> <span class='ocrx_word' id='word_1_112' title='bbox 1346 1074 1509 1121; x_wconf 65' lang='lat' dir='ltr'>Nonne</span> 
     </span>
     <span class='ocr_line' id='line_1_15' title="bbox 133 1134 1508 1197; baseline -0.001 -15"><span class='ocrx_word' id='word_1_113' title='bbox 133 1139 275 1197; x_wconf 82' lang='lat' dir='ltr'>igitur</span> <span class='ocrx_word' id='word_1_114' title='bbox 297 1151 474 1181; x_wconf 89' lang='lat' dir='ltr'>necesse</span> <span class='ocrx_word' id='word_1_115' title='bbox 496 1144 562 1180; x_wconf 88' lang='lat' dir='ltr'>est</span> <span class='ocrx_word' id='word_1_116' title='bbox 581 1151 661 1178; x_wconf 87' lang='lat' dir='ltr'>nos</span> <span class='ocrx_word' id='word_1_117' title='bbox 681 1134 922 1197; x_wconf 61' lang='lat' dir='ltr'>defangariz</span> <span class='ocrx_word' id='word_1_118' title='bbox 936 1135 1000 1179; x_wconf 69' lang='lat' dir='ltr'>ita</span> <span class='ocrx_word' id='word_1_119' title='bbox 1018 1138 1398 1194; x_wconf 14' lang='lat' dir='ltr'>pyrognedientes,&#39;</span> <span class='ocrx_word' id='word_1_120' title='bbox 1419 1143 1508 1193; x_wconf 66' lang='lat' dir='ltr'>nisi</span> 
     </span>
     <span class='ocr_line' id='line_1_16' title="bbox 134 1193 1508 1265; baseline -0.004 -16"><span class='ocrx_word' id='word_1_121' title='bbox 134 1205 453 1265; x_wconf 78' lang='lat' dir='ltr'>perveniamus</span> <span class='ocrx_word' id='word_1_122' title='bbox 482 1203 537 1247; x_wconf 85' lang='lat' dir='ltr'>ad</span> <span class='ocrx_word' id='word_1_123' title='bbox 567 1193 847 1262; x_wconf 71' lang='lat' dir='ltr'>principium</span> <span class='ocrx_word' id='word_1_124' title='bbox 883 1203 1247 1264; x_wconf 23' lang='lat' dir='ltr'>aliquem-,quod</span> <span class='ocrx_word' id='word_1_125' title='bbox 1271 1193 1376 1260; x_wconf 61' lang='lat' dir='ltr'>jam</span> <span class='ocrx_word' id='word_1_126' title='bbox 1413 1225 1508 1258; x_wconf 84' lang='lat' dir='ltr'>non</span> 
     </span>
     <span class='ocr_line' id='line_1_17' title="bbox 134 1270 1507 1334; baseline -0.002 -16"><span class='ocrx_word' id='word_1_127' title='bbox 134 1274 360 1320; x_wconf 82' lang='lat' dir='ltr'>referatur</span> <span class='ocrx_word' id='word_1_128' title='bbox 388 1272 444 1315; x_wconf 89' lang='lat' dir='ltr'>ad</span> <span class='ocrx_word' id='word_1_129' title='bbox 469 1270 590 1320; x_wconf 82' lang='lat' dir='ltr'>aliud</span> <span class='ocrx_word' id='word_1_130' title='bbox 617 1270 837 1322; x_wconf 87' lang='lat' dir='ltr'>amicum,</span> <span class='ocrx_word' id='word_1_131' title='bbox 877 1270 954 1313; x_wconf 88' lang='lat' dir='ltr'>sed</span> <span class='ocrx_word' id='word_1_132' title='bbox 981 1272 1036 1314; x_wconf 87' lang='lat' dir='ltr'>ad</span> <span class='ocrx_word' id='word_1_133' title='bbox 1066 1271 1178 1325; x_wconf 75' lang='lat' dir='ltr'>iilud</span> <span class='ocrx_word' id='word_1_134' title='bbox 1199 1278 1507 1334; x_wconf 73' lang='lat' dir='ltr'>spectettquod</span> 
     </span>
     <span class='ocr_line' id='line_1_18' title="bbox 107 1337 1507 1401; baseline -0.003 -15"><span class='ocrx_word' id='word_1_135' title='bbox 107 1346 115 1354; x_wconf 83' lang='grc'><em>“</em></span> <span class='ocrx_word' id='word_1_136' title='bbox 133 1343 338 1401; x_wconf 82' lang='lat' dir='ltr'>primum</span> <span class='ocrx_word' id='word_1_137' title='bbox 357 1340 415 1383; x_wconf 85' lang='lat' dir='ltr'>sit</span> <span class='ocrx_word' id='word_1_138' title='bbox 436 1339 630 1382; x_wconf 88' lang='lat' dir='ltr'>amicum</span> <span class='ocrx_word' id='word_1_139' title='bbox 643 1372 658 1390; x_wconf 89' lang='lat'>‚</span> <span class='ocrx_word' id='word_1_140' title='bbox 687 1337 813 1381; x_wconf 87' lang='lat' dir='ltr'>cuius</span> <span class='ocrx_word' id='word_1_141' title='bbox 833 1353 964 1381; x_wconf 84' lang='lat' dir='ltr'>causa</span> <span class='ocrx_word' id='word_1_142' title='bbox 984 1340 1158 1398; x_wconf 79' lang='lat' dir='ltr'>reliqua</span> <span class='ocrx_word' id='word_1_143' title='bbox 1181 1342 1380 1388; x_wconf 87' lang='lat' dir='ltr'>dicamus</span> <span class='ocrx_word' id='word_1_144' title='bbox 1401 1360 1507 1388; x_wconf 90' lang='lat' dir='ltr'>om..</span> 
     </span>
     <span class='ocr_line' id='line_1_19' title="bbox 132 1404 1507 1468; baseline 0.004 -15"><span class='ocrx_word' id='word_1_145' title='bbox 132 1411 211 1453; x_wconf 87' lang='lat' dir='ltr'>nia</span> <span class='ocrx_word' id='word_1_146' title='bbox 238 1408 382 1451; x_wconf 87' lang='lat' dir='ltr'>amica</span> <span class='ocrx_word' id='word_1_147' title='bbox 414 1405 540 1448; x_wconf 77' lang='lat' dir='ltr'>esse?</span> <span class='ocrx_word' id='word_1_148' title='bbox 615 1405 806 1448; x_wconf 86' lang='lat' dir='ltr'>Necesse</span> <span class='ocrx_word' id='word_1_149' title='bbox 834 1412 923 1448; x_wconf 86' lang='lat' dir='ltr'>est.</span> <span class='ocrx_word' id='word_1_150' title='bbox 1000 1404 1099 1451; x_wconf 86' lang='lat' dir='ltr'>Hoc</span> <span class='ocrx_word' id='word_1_151' title='bbox 1127 1408 1289 1466; x_wconf 79' lang='lat' dir='ltr'>igitur</span> <span class='ocrx_word' id='word_1_152' title='bbox 1298 1419 1365 1455; x_wconf 84' lang='lat' dir='ltr'>est</span> <span class='ocrx_word' id='word_1_153' title='bbox 1385 1412 1507 1468; x_wconf 79' lang='lat' dir='ltr'>quod</span> 
     </span>
     <span class='ocr_line' id='line_1_20' title="bbox 133 1471 1508 1534; baseline -0.001 -13"><span class='ocrx_word' id='word_1_154' title='bbox 133 1477 235 1520; x_wconf 87' lang='lat' dir='ltr'>dico</span> <span class='ocrx_word' id='word_1_155' title='bbox 261 1473 507 1519; x_wconf 85' lang='lat' dir='ltr'>videndum</span> <span class='ocrx_word' id='word_1_156' title='bbox 536 1486 634 1515; x_wconf 86' lang='lat' dir='ltr'>esse</span> <span class='ocrx_word' id='word_1_157' title='bbox 657 1486 716 1513; x_wconf 88' lang='lat' dir='ltr'>ne</span> <span class='ocrx_word' id='word_1_158' title='bbox 753 1486 836 1527; x_wconf 79' lang='lat' dir='ltr'>nos</span> <span class='ocrx_word' id='word_1_159' title='bbox 863 1471 1038 1527; x_wconf 82' lang='lat' dir='ltr'>1eliqua</span> <span class='ocrx_word' id='word_1_160' title='bbox 1068 1475 1229 1526; x_wconf 73' lang='lat' dir='ltr'>omnia</span> <span class='ocrx_word' id='word_1_161' title='bbox 1245 1491 1358 1534; x_wconf 84' lang='lat' dir='ltr'>quae</span> <span class='ocrx_word' id='word_1_162' title='bbox 1383 1477 1508 1527; x_wconf 60' lang='lat' dir='ltr'>dixi„-</span> 
     </span>
     <span class='ocr_line' id='line_1_21' title="bbox 131 1532 1507 1602; baseline 0 -14"><span class='ocrx_word' id='word_1_163' title='bbox 131 1558 236 1588; x_wconf 89' lang='lat' dir='ltr'>mus</span> <span class='ocrx_word' id='word_1_164' title='bbox 249 1542 371 1587; x_wconf 76' lang='lat' dir='ltr'>illius</span> <span class='ocrx_word' id='word_1_165' title='bbox 391 1555 522 1583; x_wconf 87' lang='lat' dir='ltr'>causa</span> <span class='ocrx_word' id='word_1_166' title='bbox 541 1539 684 1581; x_wconf 88' lang='lat' dir='ltr'>amica</span> <span class='ocrx_word' id='word_1_167' title='bbox 716 1552 834 1588; x_wconf 86' lang='lat' dir='ltr'>esse,</span> <span class='ocrx_word' id='word_1_168' title='bbox 862 1547 1089 1594; x_wconf 76' lang='lat' dir='ltr'>tamquam</span> <span class='ocrx_word' id='word_1_169' title='bbox 1111 1532 1350 1587; x_wconf 69' lang='lat' dir='ltr'>simulacia</span> <span class='ocrx_word' id='word_1_170' title='bbox 1370 1558 1507 1602; x_wconf 66' lang='lat' dir='ltr'>quae-1·</span> 
     </span>
     <span class='ocr_line' id='line_1_22' title="bbox 131 1602 1508 1666; baseline -0.001 -12"><span class='ocrx_word' id='word_1_171' title='bbox 131 1611 234 1654; x_wconf 83' lang='lat' dir='ltr'>dam</span> <span class='ocrx_word' id='word_1_172' title='bbox 254 1610 364 1659; x_wconf 86' lang='lat' dir='ltr'>eius,</span> <span class='ocrx_word' id='word_1_173' title='bbox 385 1605 623 1661; x_wconf 85' lang='lat' dir='ltr'>decipiant,</span> <span class='ocrx_word' id='word_1_174' title='bbox 648 1602 761 1645; x_wconf 87' lang='lat' dir='ltr'>illud</span> <span class='ocrx_word' id='word_1_175' title='bbox 776 1616 884 1644; x_wconf 67' lang='lat' dir='ltr'>velo</span> <span class='ocrx_word' id='word_1_176' title='bbox 906 1604 1121 1658; x_wconf 76' lang='lat' dir='ltr'>primurn</span> <span class='ocrx_word' id='word_1_177' title='bbox 1130 1607 1190 1648; x_wconf 80' lang='lat' dir='ltr'>sit</span> <span class='ocrx_word' id='word_1_178' title='bbox 1207 1609 1326 1664; x_wconf 87' lang='lat' dir='ltr'>quod</span> <span class='ocrx_word' id='word_1_179' title='bbox 1345 1625 1508 1666; x_wconf 52' lang='lat' dir='ltr'>revera</span> 
     </span>
     <span class='ocr_line' id='line_1_23' title="bbox 128 1668 1505 1743; baseline 0 -24"><span class='ocrx_word' id='word_1_180' title='bbox 128 1679 188 1721; x_wconf 82' lang='lat' dir='ltr'>sit</span> <span class='ocrx_word' id='word_1_181' title='bbox 208 1676 416 1719; x_wconf 82' lang='lat' dir='ltr'>amicum</span> <span class='ocrx_word' id='word_1_182' title='bbox 437 1670 772 1713; x_wconf 76' lang='lat' dir='ltr'>consideremus</span> <span class='ocrx_word' id='word_1_183' title='bbox 794 1669 916 1715; x_wconf 86' lang='lat' dir='ltr'>enim</span> <span class='ocrx_word' id='word_1_184' title='bbox 937 1668 1021 1713; x_wconf 86' lang='lat' dir='ltr'>ita.</span> <span class='ocrx_word' id='word_1_185' title='bbox 1048 1671 1088 1714; x_wconf 87' lang='lat' dir='ltr'>si</span> <span class='ocrx_word' id='word_1_186' title='bbox 1106 1673 1210 1728; x_wconf 87' lang='lat' dir='ltr'>quis</span> <span class='ocrx_word' id='word_1_187' title='bbox 1226 1674 1353 1743; x_wconf 77' lang='lat' dir='ltr'>quid</span> <span class='ocrx_word' id='word_1_188' title='bbox 1351 1678 1505 1734; x_wconf 81' lang='lat' dir='ltr'>magni</span> 
     </span>
     <span class='ocr_line' id='line_1_24' title="bbox 129 1731 1504 1798; baseline -0.001 -10"><span class='ocrx_word' id='word_1_189' title='bbox 129 1743 355 1795; x_wconf 77' lang='lat' dir='ltr'>aestimat,</span> <span class='ocrx_word' id='word_1_190' title='bbox 404 1737 799 1796; x_wconf 77' lang='lat' dir='ltr'>quemadmodum</span> <span class='ocrx_word' id='word_1_191' title='bbox 812 1751 1162 1795; x_wconf 78' lang='lat' dir='ltr'>nonnumquam</span> <span class='ocrx_word' id='word_1_192' title='bbox 1202 1749 1330 1798; x_wconf 82' lang='lat' dir='ltr'>pater</span> <span class='ocrx_word' id='word_1_193' title='bbox 1338 1731 1504 1798; x_wconf 75' lang='lat' dir='ltr'>filium</span> 
     </span>
     <span class='ocr_line' id='line_1_25' title="bbox 130 1803 1503 1865; baseline -0.004 -10"><span class='ocrx_word' id='word_1_194' title='bbox 130 1811 338 1855; x_wconf 85' lang='lat' dir='ltr'>omnibus</span> <span class='ocrx_word' id='word_1_195' title='bbox 360 1806 544 1863; x_wconf 86' lang='lat' dir='ltr'>reliquis</span> <span class='ocrx_word' id='word_1_196' title='bbox 567 1803 789 1864; x_wconf 75' lang='lat' dir='ltr'>prae-felt:</span> <span class='ocrx_word' id='word_1_197' title='bbox 829 1803 929 1847; x_wconf 84' lang='lat' dir='ltr'>talis</span> <span class='ocrx_word' id='word_1_198' title='bbox 956 1814 1198 1863; x_wconf 74' lang='lat' dir='ltr'>propterea</span> <span class='ocrx_word' id='word_1_199' title='bbox 1222 1808 1338 1865; x_wconf 84' lang='lat' dir='ltr'>quod</span> <span class='ocrx_word' id='word_1_200' title='bbox 1356 1809 1450 1852; x_wconf 64' lang='lat' dir='ltr'>fili;7</span> <span class='ocrx_word' id='word_1_201' title='bbox 1439 1826 1503 1854; x_wconf 87' lang='lat' dir='ltr'>m</span> 
     </span>
     <span class='ocr_line' id='line_1_26' title="bbox 126 1866 1502 1937; baseline -0.001 -14"><span class='ocrx_word' id='word_1_202' title='bbox 126 1876 317 1937; x_wconf 88' lang='lat' dir='ltr'>plurimi</span> <span class='ocrx_word' id='word_1_203' title='bbox 337 1873 445 1918; x_wconf 83' lang='lat' dir='ltr'>facit</span> <span class='ocrx_word' id='word_1_204' title='bbox 462 1888 617 1929; x_wconf 51' lang='lat' dir='ltr'>nonne¹&gt;</span> <span class='ocrx_word' id='word_1_205' title='bbox 632 1871 767 1929; x_wconf 83' lang='lat' dir='ltr'>etiam</span> <span class='ocrx_word' id='word_1_206' title='bbox 788 1871 912 1914; x_wconf 89' lang='lat' dir='ltr'>aliud</span> <span class='ocrx_word' id='word_1_207' title='bbox 932 1866 1198 1931; x_wconf 68' lang='lat' dir='ltr'>quidmagni</span> <span class='ocrx_word' id='word_1_208' title='bbox 1218 1875 1502 1927; x_wconf 68' lang='lat' dir='ltr'>aestimabit?</span> 
     </span>
     <span class='ocr_line' id='line_1_27' title="bbox 127 1939 1502 1995; baseline -0.001 -7"><span class='ocrx_word' id='word_1_209' title='bbox 127 1946 254 1988; x_wconf 86' lang='lat' dir='ltr'>velut</span> <span class='ocrx_word' id='word_1_210' title='bbox 281 1943 318 1986; x_wconf 87' lang='lat' dir='ltr'>si</span> <span class='ocrx_word' id='word_1_211' title='bbox 360 1939 727 1994; x_wconf 83' lang='lat' dir='ltr'>animadverterit</span> <span class='ocrx_word' id='word_1_212' title='bbox 763 1953 868 1981; x_wconf 90' lang='lat' dir='ltr'>eum</span> <span class='ocrx_word' id='word_1_213' title='bbox 906 1939 1094 1989; x_wconf 83' lang='lat' dir='ltr'>cicutam</span> <span class='ocrx_word' id='word_1_214' title='bbox 1126 1941 1313 1995; x_wconf 83' lang='lat' dir='ltr'>bibisse,</span> <span class='ocrx_word' id='word_1_215' title='bbox 1350 1957 1502 1986; x_wconf 86' lang='lat' dir='ltr'>nonne</span> 
     </span>
     <span class='ocr_line' id='line_1_28' title="bbox 125 2005 1501 2070; baseline 0 -16"><span class='ocrx_word' id='word_1_216' title='bbox 125 2012 278 2070; x_wconf 75' lang='lat' dir='ltr'>magni</span> <span class='ocrx_word' id='word_1_217' title='bbox 297 2010 431 2053; x_wconf 85' lang='lat' dir='ltr'>faciet</span> <span class='ocrx_word' id='word_1_218' title='bbox 452 2009 625 2060; x_wconf 88' lang='lat' dir='ltr'>vinum,</span> <span class='ocrx_word' id='word_1_219' title='bbox 649 2008 685 2050; x_wconf 86' lang='lat' dir='ltr'>si</span> <span class='ocrx_word' id='word_1_220' title='bbox 698 2006 785 2049; x_wconf 88' lang='lat' dir='ltr'>hoc</span> <span class='ocrx_word' id='word_1_221' title='bbox 805 2007 1033 2064; x_wconf 78' lang='lat' dir='ltr'>putaverit</span> <span class='ocrx_word' id='word_1_222' title='bbox 1050 2005 1194 2054; x_wconf 86' lang='lat' dir='ltr'>filium</span> <span class='ocrx_word' id='word_1_223' title='bbox 1215 2024 1308 2053; x_wconf 86' lang='lat' dir='ltr'>esse</span> <span class='ocrx_word' id='word_1_224' title='bbox 1324 2011 1501 2068; x_wconf 71' lang='lat' dir='ltr'>salvum</span> 
     </span>
     <span class='ocr_line' id='line_1_29' title="bbox 125 2074 1500 2133; baseline -0.001 -10"><span class='ocrx_word' id='word_1_225' title='bbox 125 2077 442 2124; x_wconf 75' lang='lat' dir='ltr'>reddit-urum?</span> <span class='ocrx_word' id='word_1_226' title='bbox 502 2074 708 2133; x_wconf 79' lang='lat' dir='ltr'>Quidni?</span> <span class='ocrx_word' id='word_1_227' title='bbox 743 2074 902 2131; x_wconf 86' lang='lat' dir='ltr'>inquit·</span> <span class='ocrx_word' id='word_1_228' title='bbox 959 2074 1123 2118; x_wconf 87' lang='lat' dir='ltr'>Nonne</span> <span class='ocrx_word' id='word_1_229' title='bbox 1155 2076 1288 2120; x_wconf 80' lang='lat' dir='ltr'>etiam</span> <span class='ocrx_word' id='word_1_230' title='bbox 1311 2093 1413 2131; x_wconf 90' lang='lat' dir='ltr'>vas,</span> <span class='ocrx_word' id='word_1_231' title='bbox 1448 2078 1500 2123; x_wconf 83' lang='lat' dir='ltr'>iu</span> 
     </span>
     <span class='ocr_line' id='line_1_30' title="bbox 127 2142 1499 2205; baseline -0.001 -15"><span class='ocrx_word' id='word_1_232' title='bbox 127 2162 218 2205; x_wconf 90' lang='lat' dir='ltr'>quo</span> <span class='ocrx_word' id='word_1_233' title='bbox 249 2146 407 2189; x_wconf 90' lang='lat' dir='ltr'>vinum</span> <span class='ocrx_word' id='word_1_234' title='bbox 439 2143 607 2186; x_wconf 82' lang='lat' dir='ltr'>inerit?</span> <span class='ocrx_word' id='word_1_235' title='bbox 676 2142 793 2186; x_wconf 88' lang='lat' dir='ltr'>Sane</span> <span class='ocrx_word' id='word_1_236' title='bbox 821 2142 1020 2198; x_wconf 82' lang='lat' dir='ltr'>quidem.</span> <span class='ocrx_word' id='word_1_237' title='bbox 1089 2144 1210 2187; x_wconf 84' lang='lat' dir='ltr'>Num</span> <span class='ocrx_word' id='word_1_238' title='bbox 1233 2143 1374 2201; x_wconf 75' lang='lat' dir='ltr'>igitur</span> <span class='ocrx_word' id='word_1_239' title='bbox 1399 2154 1499 2189; x_wconf 82' lang='lat' dir='ltr'>tum</span> 
     </span>
     <span class='ocr_line' id='line_1_31' title="bbox 125 2208 1497 2271; baseline -0.001 -14"><span class='ocrx_word' id='word_1_240' title='bbox 125 2213 271 2258; x_wconf 87' lang='lat' dir='ltr'>nihilo</span> <span class='ocrx_word' id='word_1_241' title='bbox 292 2211 437 2271; x_wconf 82' lang='lat' dir='ltr'>pluris</span> <span class='ocrx_word' id='word_1_242' title='bbox 457 2212 590 2254; x_wconf 86' lang='lat' dir='ltr'>faciet</span> <span class='ocrx_word' id='word_1_243' title='bbox 615 2209 798 2253; x_wconf 88' lang='lat' dir='ltr'>calicem</span> <span class='ocrx_word' id='word_1_244' title='bbox 819 2208 1003 2253; x_wconf 83' lang='lat' dir='ltr'>fictilem</span> <span class='ocrx_word' id='word_1_245' title='bbox 1027 2224 1162 2268; x_wconf 86' lang='lat' dir='ltr'>quam</span> <span class='ocrx_word' id='word_1_246' title='bbox 1181 2210 1326 2255; x_wconf 84' lang='lat' dir='ltr'>filium</span> <span class='ocrx_word' id='word_1_247' title='bbox 1347 2226 1497 2266; x_wconf 88' lang='lat' dir='ltr'>suum,</span> 
     </span>
     <span class='ocr_line' id='line_1_32' title="bbox 126 2276 1495 2340; baseline -0.003 -16"><span class='ocrx_word' id='word_1_248' title='bbox 126 2296 274 2340; x_wconf 88' lang='lat' dir='ltr'>neque</span> <span class='ocrx_word' id='word_1_249' title='bbox 301 2289 392 2323; x_wconf 85' lang='lat' dir='ltr'>tres</span> <span class='ocrx_word' id='word_1_250' title='bbox 420 2277 623 2321; x_wconf 86' lang='lat' dir='ltr'>heminas</span> <span class='ocrx_word' id='word_1_251' title='bbox 654 2276 751 2320; x_wconf 89' lang='lat' dir='ltr'>vini</span> <span class='ocrx_word' id='word_1_252' title='bbox 771 2291 903 2333; x_wconf 88' lang='lat' dir='ltr'>quam</span> <span class='ocrx_word' id='word_1_253' title='bbox 924 2276 1105 2320; x_wconf 79' lang='lat' dir='ltr'>filium?</span> <span class='ocrx_word' id='word_1_254' title='bbox 1141 2292 1200 2320; x_wconf 84' lang='lat' dir='ltr'>an</span> <span class='ocrx_word' id='word_1_255' title='bbox 1228 2278 1292 2323; x_wconf 85' lang='lat' dir='ltr'>sic</span> <span class='ocrx_word' id='word_1_256' title='bbox 1321 2278 1418 2320; x_wconf 69' lang='lat' dir='ltr'>iere</span> <span class='ocrx_word' id='word_1_257' title='bbox 1448 2295 1495 2321; x_wconf 81' lang='lat' dir='ltr'>se</span> 
     </span>
     <span class='ocr_line' id='line_1_33' title="bbox 126 2343 1497 2391; baseline -0.001 -1"><span class='ocrx_word' id='word_1_258' title='bbox 126 2363 200 2391; x_wconf 85' lang='lat' dir='ltr'>res</span> <span class='ocrx_word' id='word_1_259' title='bbox 219 2347 380 2390; x_wconf 82' lang='lat' dir='ltr'>habet:</span> <span class='ocrx_word' id='word_1_260' title='bbox 411 2361 545 2389; x_wconf 90' lang='lat' dir='ltr'>omne</span> <span class='ocrx_word' id='word_1_261' title='bbox 577 2343 838 2388; x_wconf 86' lang='lat' dir='ltr'>huiusmodi</span> <span class='ocrx_word' id='word_1_262' title='bbox 865 2345 1062 2387; x_wconf 79' lang='lat' dir='ltr'>studium</span> <span class='ocrx_word' id='word_1_263' title='bbox 1093 2358 1183 2388; x_wconf 92' lang='lat' dir='ltr'>non</span> <span class='ocrx_word' id='word_1_264' title='bbox 1215 2346 1270 2387; x_wconf 85' lang='lat' dir='ltr'>ad</span> <span class='ocrx_word' id='word_1_265' title='bbox 1304 2359 1355 2388; x_wconf 87' lang='lat' dir='ltr'>ea</span> <span class='ocrx_word' id='word_1_266' title='bbox 1384 2361 1497 2388; x_wconf 81' lang='lat' dir='ltr'>con-</span> 
     </span>
     <span class='ocr_line' id='line_1_34' title="bbox 124 2411 1494 2472; baseline -0.001 -16"><span class='ocrx_word' id='word_1_267' title='bbox 124 2414 273 2458; x_wconf 83' lang='lat' dir='ltr'>fertur</span> <span class='ocrx_word' id='word_1_268' title='bbox 291 2429 404 2472; x_wconf 83' lang='lat' dir='ltr'>quae</span> <span class='ocrx_word' id='word_1_269' title='bbox 425 2411 611 2456; x_wconf 83' lang='lat' dir='ltr'>alicuius</span> <span class='ocrx_word' id='word_1_270' title='bbox 630 2411 698 2454; x_wconf 83' lang='lat' dir='ltr'>rei</span> <span class='ocrx_word' id='word_1_271' title='bbox 716 2427 843 2455; x_wconf 88' lang='lat' dir='ltr'>causa</span> <span class='ocrx_word' id='word_1_272' title='bbox 869 2420 1101 2470; x_wconf 86' lang='lat' dir='ltr'>parantur,</span> <span class='ocrx_word' id='word_1_273' title='bbox 1129 2411 1205 2454; x_wconf 91' lang='lat' dir='ltr'>sed</span> <span class='ocrx_word' id='word_1_274' title='bbox 1225 2411 1278 2454; x_wconf 82' lang='lat' dir='ltr'>ad</span> <span class='ocrx_word' id='word_1_275' title='bbox 1298 2411 1344 2455; x_wconf 84' lang='lat' dir='ltr'>id</span> <span class='ocrx_word' id='word_1_276' title='bbox 1368 2414 1494 2456; x_wconf 78' lang='lat' dir='ltr'>cuius</span> 
     </span>
     <span class='ocr_line' id='line_1_35' title="bbox 127 2478 1491 2537; baseline -0.004 -12"><span class='ocrx_word' id='word_1_277' title='bbox 127 2497 256 2525; x_wconf 89' lang='lat' dir='ltr'>causa</span> <span class='ocrx_word' id='word_1_278' title='bbox 290 2481 446 2529; x_wconf 84' lang='lat' dir='ltr'>cmnia</span> <span class='ocrx_word' id='word_1_279' title='bbox 485 2478 740 2523; x_wconf 68' lang='lat' dir='ltr'>huiusmodi</span> <span class='ocrx_word' id='word_1_280' title='bbox 782 2489 1014 2537; x_wconf 83' lang='lat' dir='ltr'>parantur.</span> <span class='ocrx_word' id='word_1_281' title='bbox 1072 2493 1342 2536; x_wconf 87' lang='lat' dir='ltr'>quamquam</span> <span class='ocrx_word' id='word_1_282' title='bbox 1373 2480 1491 2522; x_wconf 85' lang='lat' dir='ltr'>enim</span> 
     </span>
     <span class='ocr_line' id='line_1_36' title="bbox 125 2545 1491 2606; baseline -0.003 -15"><span class='ocrx_word' id='word_1_283' title='bbox 125 2564 258 2606; x_wconf 88' lang='lat' dir='ltr'>saepe</span> <span class='ocrx_word' id='word_1_284' title='bbox 277 2549 489 2598; x_wconf 89' lang='lat' dir='ltr'>dicimus,</span> <span class='ocrx_word' id='word_1_285' title='bbox 525 2545 676 2604; x_wconf 87' lang='lat' dir='ltr'>magni</span> <span class='ocrx_word' id='word_1_286' title='bbox 712 2560 790 2587; x_wconf 91' lang='lat' dir='ltr'>nos</span> <span class='ocrx_word' id='word_1_287' title='bbox 817 2545 964 2588; x_wconf 79' lang='lat' dir='ltr'>facere</span> <span class='ocrx_word' id='word_1_288' title='bbox 991 2561 1152 2590; x_wconf 86' lang='lat' dir='ltr'>aurum</span> <span class='ocrx_word' id='word_1_289' title='bbox 1176 2555 1219 2588; x_wconf 82' lang='lat' dir='ltr'>et</span> <span class='ocrx_word' id='word_1_290' title='bbox 1243 2556 1491 2603; x_wconf 76' lang='lat' dir='ltr'>argentum,</span> 
     </span>
     <span class='ocr_line' id='line_1_37' title="bbox 125 2613 1488 2671; baseline -0.001 -15"><span class='ocrx_word' id='word_1_291' title='bbox 125 2622 277 2659; x_wconf 84' lang='lat' dir='ltr'>tamen</span> <span class='ocrx_word' id='word_1_292' title='bbox 299 2614 541 2659; x_wconf 89' lang='lat' dir='ltr'>videndum</span> <span class='ocrx_word' id='word_1_293' title='bbox 562 2629 620 2657; x_wconf 87' lang='lat' dir='ltr'>ne</span> <span class='ocrx_word' id='word_1_294' title='bbox 637 2613 780 2656; x_wconf 86' lang='lat' dir='ltr'>nihilo</span> <span class='ocrx_word' id='word_1_295' title='bbox 811 2613 949 2671; x_wconf 82' lang='lat' dir='ltr'>magis</span> <span class='ocrx_word' id='word_1_296' title='bbox 979 2613 1041 2656; x_wconf 89' lang='lat' dir='ltr'>sic</span> <span class='ocrx_word' id='word_1_297' title='bbox 1066 2627 1114 2657; x_wconf 85' lang='lat' dir='ltr'>se</span> <span class='ocrx_word' id='word_1_298' title='bbox 1135 2628 1294 2657; x_wconf 75' lang='lat' dir='ltr'>verum</span> <span class='ocrx_word' id='word_1_299' title='bbox 1311 2613 1488 2665; x_wconf 81' lang='lat' dir='ltr'>habeat3</span> 
     </span>
    </p>
   </div>
  </div>
 </body>
</html>
