1716 2878
729 231 1185 276 EUTHYPHRO.
1273 248 1275 250 ·
1591 245 1650 282 69

375 352 447 395 So.
508 349 625 394 Sane
646 349 818 394 dictum
845 358 925 394 est.
953 343 1266 397 nonne'etiam
1290 353 1512 397 dissidere
1529 355 1650 398 inter

260 435 306 462 se
330 419 435 461 deos
455 426 498 460 et
519 418 776 467 dissentire,
804 417 1103 476 Euthyphro,
1138 431 1182 465 et
1199 432 1401 466 mutuam
1425 421 1545 467 inter
1567 423 1644 481 ip..

258 504 327 531 sos
345 486 631 530 inimicitiam
656 501 774 539 esse,
806 486 940 530 etiam
961 487 1047 530 hoc
1070 488 1239 534 dictum
1269 491 1368 534 est?

323 572 326 574 ’
370 575 456 618 Eu.
514 571 631 618 Sane
654 573 823 618 dictum
848 583 926 619 est.

365 665 438 707 So.
492 661 781 705 Inimicitiam
801 677 912 705 vero
934 672 979 706 et
997 663 1102 718 iras,
1120 665 1194 707 vir
1215 666 1398 723 optime,
1421 680 1640 723 quaenam

255 747 332 774 seu
354 731 622 789 quibusnam
648 731 704 772 de
725 730 860 772 rebus
883 730 1096 775 dissensio
1122 733 1291 776 efficit?
1319 748 1417 775 rem
1449 733 1512 778 ita
1530 749 1637 791 spe—

251 809 430 843 ctemus.
452 814 577 851 num,
598 798 635 840 si
660 813 741 855 ego
768 808 812 843 et
831 806 878 842 tu
898 799 1210 844 dissentiamus
1232 803 1284 843 de
1307 816 1514 854 numero,
1536 808 1638 844 uter

248 869 393 911 maior
412 868 491 919 sit,
517 866 626 908 haec
647 866 701 908 de
723 866 882 909 talibus
915 867 1129 911 dissensio
1162 868 1370 911 inimicos
1395 882 1482 910 nos.
1505 867 1639 913 faciet

247 937 452 992 iramque
465 937 584 978 inter
604 949 684 976 nos
705 933 978 979 concitabit?
1002 951 1059 978 an
1079 936 1131 977 ad
1147 936 1506 978 ratiocinandum
1526 952 1636 994 pro-
1684 946 1686 948 '

250 1004 390 1060 gressi
411 1003 459 1044 in
478 1002 639 1045 talibus
662 1001 870 1043 celeriter
890 1003 1269 1047 convenerimus?

357 1091 446 1133 Ειι.
502 1090 695 1132 Prorsus
717 1089 805 1131 isto
825 1089 976 1131 modo.

358 1178 431 1220 So.
488 1176 650 1219 Nonne
678 1177 813 1219 etiam
838 1177 873 1219 si
896 1178 950 1218 de
984 1179 1156 1220 maiore
1180 1178 1330 1235 aliquo
1352 1188 1430 1223 aut
1448 1181 1627 1223 minore

242 1245 578 1295 dissentiamus,
605 1243 659 1285 ad
696 1245 971 1287 metiendum
991 1247 1219 1303 progressi
1244 1248 1448 1291 celeriter
1475 1263 1502 1289 a
1536 1248 1629 1290 dis-

242 1314 447 1356 sensione
471 1310 770 1354 destiterimus
785 1311 806 1352 ’ἓ

350 1402 442 1445 Ειι.
503 1398 620 1442 Sunt
640 1399 738 1441 ista.

351 1490 422 1532 So.
480 1487 630 1545 Atque
649 1486 703 1529 ad
721 1486 1064 1544 ponderandum
1094 1490 1344 1546 progressi,
1372 1498 1424 1532 ut
1447 1490 1622 1548 opinor,

239 1555 591 1600 controversiam
611 1563 811 1598 nostiam
831 1555 886 1597 de
916 1569 967 1597 eo
1001 1556 1122 1634 quod
1157 1558 1337 1614 gravius
1374 1566 1452 1602 aut
1478 1557 1620 1602 le'vius

238 1627 295 1669 sit
317 1622 662 1667 diremeiimus?

395 1727 434 1754 u.
491 1709 748 1768 Quippini?

347 1811 421 1854 So.
475 1811 546 1853 De
570 1824 765 1867 quanam
798 1819 945 1854 autem
965 1826 1016 1853 re
1047 1811 1355 1855 dissentientes
1386 1822 1430 1857 et
1459 1813 1508 1855 in
1533 1828 1618 1870 qua

235 1876 551 1921 diiudicatione
565 1878 799 1921 haerentes
819 1873 993 1921 inimici
1012 1879 1131 1922 inter
1150 1882 1231 1922 nos
1245 1879 1404 1923 fiemus
1427 1881 1581 1922 etirati
1594 1882 1616 1922 ’.Ρ

233 1944 419 1987 fortasse
438 1945 592 1987 nonin
613 1953 833 2004 promptu
853 1945 936 1988 tibi
957 1961 1030 1988 res
1052 1955 1116 1989 est
1128 1964 1142 2000 3
1164 1955 1207 1989 at
1220 1963 1295 1990 me
1309 1948 1483 1989 dicente
1505 1961 1615 1989 con-

235 2010 380 2054 sidera
413 2026 470 2053 an
495 2011 572 2055 illa
604 2012 717 2064 sint,
755 2013 923 2055 iustum
959 2021 1001 2055 et
1031 2013 1276 2064 iniustum,
1305 2012 1546 2069 pulchrum
1573 2021 1617 2056 et
1656 2035 1669 2047 x

232 2088 393 2136 turpe,
420 2078 590 2119 bonum
611 2086 655 2119 et
675 2078 859 2120 malum.
881 2093 1032 2119 nonne
1051 2078 1161 2120 haec
1181 2088 1282 2122 sunt
1305 2094 1355 2119 ea
1376 2078 1430 2120 de
1451 2080 1613 2136 quibus

233 2144 539 2187 dissentientes
575 2152 619 2186 et
651 2158 840 2199 quorum
876 2143 1084 2186 idoneam
1123 2145 1487 2188 diiudicationem
1520 2161 1614 2189 non

229 2213 508 2270 reperientes
525 2211 700 2253 inimici
723 2211 842 2254 inter
864 2227 946 2253 nos
965 2211 1124 2254 fiamus
1140 2243 1152 2264 ,
1184 2213 1414 2270 siquando
1439 2213 1611 2268 fiamus,

231 2289 276 2324 et
302 2295 382 2337 ego
406 2288 450 2322 et
475 2286 523 2321 tu
546 2293 790 2336 omnesque
811 2280 975 2336 reliqui
993 2278 1231 2322 homines?

340 2380 432 2422 Ειι.
491 2377 606 2422 Sane
624 2377 733 2422 haec
753 2379 850 2438 ipsa
871 2388 936 2424 est
956 2380 1180 2435 gdissensio
1193 2413 1206 2434 ,
1237 2380 1416 2426 Socrate
1429 2415 1444 2434 ,
1475 2391 1519 2425 et
1537 2381 1607 2424 his

232 2448 287 2489 de
307 2447 455 2491 rebus.

340 2547 412 2588 So.
471 2547 594 2604 Quid
616 2547 784 2603 igitur?
809 2548 894 2600 dii,
922 2548 1196 2606 Euthyphro
1213 2582 1224 2602 ,
1253 2566 1418 2603 nonne,
1448 2551 1485 2591 si
1507 2558 1606 2591 11104

229 2614 284 2656 do
307 2613 590 2666 dissentient,
621 2614 676 2654 ob
701 2614 808 2656 haec
830 2615 926 2672 ipsa
947 2615 1239 2660 dissentient?

336 2701 425 2743 Ειι.
484 2701 671 2744 Prorsus
696 2718 871 2745 necesse
895 2712 970 2745 est.
