<?xml version="1.0" encoding="UTF-8"?>
<!DOCTYPE html PUBLIC "-//W3C//DTD XHTML 1.0 Transitional//EN"
    "http://www.w3.org/TR/xhtml1/DTD/xhtml1-transitional.dtd">
<html xmlns="http://www.w3.org/1999/xhtml" xml:lang="en" lang="en">
 <head>
  <title>
</title>
<meta http-equiv="Content-Type" content="text/html;charset=utf-8" />
  <meta name='ocr-system' content='tesseract 3.04.00' />
  <meta name='ocr-capabilities' content='ocr_page ocr_carea ocr_par ocr_line ocrx_word'/>
</head>
<body>
  <div class='ocr_page' id='page_1' title='image "./quaeexstantopera08platuoft_0517.png"; bbox 0 0 1696 2898; ppageno 0'>
   <div class='ocr_carea' id='block_1_1' title="bbox 543 106 1420 160">
    <p class='ocr_par' dir='ltr' id='par_1_1' title="bbox 543 106 1420 160">
     <span class='ocr_line' id='line_1_1' title="bbox 543 106 1420 160; baseline 0.006 -5"><span class='ocrx_word' id='word_1_1' title='bbox 543 106 1011 158; x_wconf 76' lang='lat' dir='ltr'><strong>LAGHES.&#39;</strong></span> <span class='ocrx_word' id='word_1_2' title='bbox 1326 122 1420 160; x_wconf 68' lang='lat'><strong>509</strong></span> 
     </span>
    </p>
   </div>
   <div class='ocr_carea' id='block_1_2' title="bbox 48 231 1431 839">
    <p class='ocr_par' dir='ltr' id='par_1_2' title="bbox 164 231 1325 283">
     <span class='ocr_line' id='line_1_2' title="bbox 164 231 1325 283; baseline -0.003 -5"><span class='ocrx_word' id='word_1_3' title='bbox 164 233 252 280; x_wconf 86' lang='lat' dir='ltr'><strong>La.</strong></span> <span class='ocrx_word' id='word_1_4' title='bbox 306 233 351 278; x_wconf 83' lang='lat' dir='ltr'>N</span> <span class='ocrx_word' id='word_1_5' title='bbox 353 248 402 278; x_wconf 87' lang='lat' dir='ltr'><strong>ec</strong></span> <span class='ocrx_word' id='word_1_6' title='bbox 428 232 539 277; x_wconf 84' lang='lat' dir='ltr'><strong>haec</strong></span> <span class='ocrx_word' id='word_1_7' title='bbox 562 232 655 276; x_wconf 88' lang='lat' dir='ltr'><strong>ullo</strong></span> <span class='ocrx_word' id='word_1_8' title='bbox 676 231 862 277; x_wconf 89' lang='lat' dir='ltr'><strong>omnino</strong></span> <span class='ocrx_word' id='word_1_9' title='bbox 882 231 1035 278; x_wconf 54' lang='lat' dir='ltr'><strong>medea</strong></span> <span class='ocrx_word' id='word_1_10' title='bbox 1319 280 1325 283; x_wconf 53' lang='grc'><em>,</em></span> 
     </span>
    </p>

    <p class='ocr_par' dir='ltr' id='par_1_3' title="bbox 48 308 1431 839">
     <span class='ocr_line' id='line_1_3' title="bbox 165 308 1430 367; baseline -0.001 -13"><span class='ocrx_word' id='word_1_11' title='bbox 165 311 239 354; x_wconf 86' lang='lat' dir='ltr'><strong>So.</strong></span> <span class='ocrx_word' id='word_1_12' title='bbox 262 335 265 338; x_wconf 87' lang='lat'><strong>·</strong></span> <span class='ocrx_word' id='word_1_13' title='bbox 297 310 359 355; x_wconf 81' lang='lat' dir='ltr'><strong>At</strong></span> <span class='ocrx_word' id='word_1_14' title='bbox 380 309 428 352; x_wconf 84' lang='lat' dir='ltr'><strong>in</strong></span> <span class='ocrx_word' id='word_1_15' title='bbox 448 310 572 353; x_wconf 84' lang='lat' dir='ltr'><strong>bello</strong></span> <span class='ocrx_word' id='word_1_16' title='bbox 593 315 958 367; x_wconf 70' lang='lat' dir='ltr'><strong>perseverantem</strong></span> <span class='ocrx_word' id='word_1_17' title='bbox 973 308 1430 367; x_wconf 74' lang='lat' dir='ltr'><strong>virum&#39;promptnm-</strong></span> 
     </span>
     <span class='ocr_line' id='line_1_4' title="bbox 51 375 1431 437; baseline 0.001 -19"><span class='ocrx_word' id='word_1_18' title='bbox 51 392 138 433; x_wconf 87' lang='lat' dir='ltr'><strong>que</strong></span> <span class='ocrx_word' id='word_1_19' title='bbox 156 380 210 420; x_wconf 90' lang='lat' dir='ltr'><strong>ad</strong></span> <span class='ocrx_word' id='word_1_20' title='bbox 224 377 519 437; x_wconf 87' lang='lat' dir='ltr'><strong>pugnandum</strong></span> <span class='ocrx_word' id='word_1_21' title='bbox 532 407 544 429; x_wconf 94' lang='lat'><strong>,</strong></span> <span class='ocrx_word' id='word_1_22' title='bbox 570 375 739 434; x_wconf 84' lang='lat' dir='ltr'>quippe</span> <span class='ocrx_word' id='word_1_23' title='bbox 757 375 1007 434; x_wconf 71' lang='lat' dir='ltr'><strong>prudenter</strong></span> <span class='ocrx_word' id='word_1_24' title='bbox 1023 375 1364 420; x_wconf 80' lang='lat' dir='ltr'>ratiocinantem</span> <span class='ocrx_word' id='word_1_25' title='bbox 1386 383 1431 419; x_wconf 86' lang='lat' dir='ltr'><strong>et</strong></span> 
     </span>
     <span class='ocr_line' id='line_1_5' title="bbox 50 442 1430 500; baseline -0.001 -14"><span class='ocrx_word' id='word_1_26' title='bbox 50 445 269 493; x_wconf 84' lang='lat' dir='ltr'><strong>scientem</strong></span> <span class='ocrx_word' id='word_1_27' title='bbox 295 443 405 486; x_wconf 78' lang='lat' dir='ltr'><strong>alios</strong></span> <span class='ocrx_word' id='word_1_28' title='bbox 434 442 520 486; x_wconf 83' lang='lat' dir='ltr'><strong>sibi</strong></span> <span class='ocrx_word' id='word_1_29' title='bbox 552 443 860 500; x_wconf 70' lang='lat' dir='ltr'><strong>opitulaturos.</strong></span> <span class='ocrx_word' id='word_1_30' title='bbox 880 458 975 485; x_wconf 89' lang='lat' dir='ltr'><strong>esse</strong></span> <span class='ocrx_word' id='word_1_31' title='bbox 1006 450 1051 485; x_wconf 84' lang='lat' dir='ltr'><strong>et</strong></span> <span class='ocrx_word' id='word_1_32' title='bbox 1077 443 1292 487; x_wconf 70' lang='lat' dir='ltr'><strong>adversus</strong></span> <span class='ocrx_word' id='word_1_33' title='bbox 1311 457 1430 500; x_wconf 87' lang='lat' dir='ltr'><strong>pau-</strong></span> 
     </span>
     <span class='ocr_line' id='line_1_6' title="bbox 51 509 1430 568; baseline -0.001 -15"><span class='ocrx_word' id='word_1_34' title='bbox 51 511 195 554; x_wconf 81' lang='lat' dir='ltr'><strong>ciores</strong></span> <span class='ocrx_word' id='word_1_35' title='bbox 224 525 276 555; x_wconf 82' lang='lat' dir='ltr'><strong>ac</strong></span> <span class='ocrx_word' id='word_1_36' title='bbox 307 511 489 555; x_wconf 87' lang='lat' dir='ltr'><strong>viliores</strong></span> <span class='ocrx_word' id='word_1_37' title='bbox 513 525 647 567; x_wconf 84' lang='lat' dir='ltr'><strong>quam</strong></span> <span class='ocrx_word' id='word_1_38' title='bbox 669 525 771 553; x_wconf 89' lang='lat' dir='ltr'><strong>cum</strong></span> <span class='ocrx_word' id='word_1_39' title='bbox 793 510 956 567; x_wconf 86' lang='lat' dir='ltr'><strong>quibus</strong></span> <span class='ocrx_word' id='word_1_40' title='bbox 977 509 1074 568; x_wconf 84' lang='lat' dir='ltr'><strong>ipse</strong></span> <span class='ocrx_word' id='word_1_41' title='bbox 1092 518 1263 566; x_wconf 75' lang='lat' dir='ltr'><strong>pugnet</strong></span> <span class='ocrx_word' id='word_1_42' title='bbox 1281 517 1430 552; x_wconf 84' lang='lat' dir='ltr'><strong>certa-</strong></span> 
     </span>
     <span class='ocr_line' id='line_1_7' title="bbox 49 575 1429 636; baseline -0.001 -15"><span class='ocrx_word' id='word_1_43' title='bbox 49 594 156 621; x_wconf 88' lang='lat' dir='ltr'><strong>men</strong></span> <span class='ocrx_word' id='word_1_44' title='bbox 174 577 289 632; x_wconf 69' lang='lat' dir='ltr'><strong>iore,</strong></span> <span class='ocrx_word' id='word_1_45' title='bbox 313 586 545 636; x_wconf 81' lang='lat' dir='ltr'><strong>praeterea</strong></span> <span class='ocrx_word' id='word_1_46' title='bbox 570 577 666 620; x_wconf 84' lang='lat' dir='ltr'><strong>loca</strong></span> <span class='ocrx_word' id='word_1_47' title='bbox 685 593 732 620; x_wconf 89' lang='lat' dir='ltr'><strong>se</strong></span> <span class='ocrx_word' id='word_1_48' title='bbox 753 577 918 619; x_wconf 84' lang='lat' dir='ltr'><strong>habere</strong></span> <span class='ocrx_word' id='word_1_49' title='bbox 936 576 1276 634; x_wconf 82' lang='lat' dir='ltr'><strong>praestantiora,</strong></span> <span class='ocrx_word' id='word_1_50' title='bbox 1292 575 1429 624; x_wconf 70' lang='lat' dir='ltr'><strong>‚hune</strong></span> 
     </span>
     <span class='ocr_line' id='line_1_8' title="bbox 48 643 1429 703; baseline -0.001 -16"><span class='ocrx_word' id='word_1_51' title='bbox 48 645 190 701; x_wconf 82' lang='lat' dir='ltr'><strong>igitur</strong></span> <span class='ocrx_word' id='word_1_52' title='bbox 218 645 297 688; x_wconf 78' lang='lat' dir='ltr'><strong>tali</strong></span> <span class='ocrx_word' id='word_1_53' title='bbox 329 662 437 689; x_wconf 89' lang='lat' dir='ltr'><strong>cum</strong></span> <span class='ocrx_word' id='word_1_54' title='bbox 464 645 721 703; x_wconf 74' lang='lat' dir='ltr'><strong>prudentia</strong></span> <span class='ocrx_word' id='word_1_55' title='bbox 734 654 795 691; x_wconf 75' lang='lat' dir='ltr'><strong>el:</strong></span> <span class='ocrx_word' id='word_1_56' title='bbox 806 643 1033 703; x_wconf 79' lang='lat' dir='ltr'><strong>praesidio</strong></span> <span class='ocrx_word' id='word_1_57' title='bbox 1061 652 1429 700; x_wconf 78' lang='lat' dir='ltr'><strong>perseverantem</strong></span> 
     </span>
     <span class='ocr_line' id='line_1_9' title="bbox 49 709 1429 770; baseline -0.001 -16"><span class='ocrx_word' id='word_1_58' title='bbox 49 711 291 756; x_wconf 74' lang='lat' dir='ltr'><strong>fortiorem</strong></span> <span class='ocrx_word' id='word_1_59' title='bbox 318 720 369 756; x_wconf 83' lang='lat' dir='ltr'><strong>tu</strong></span> <span class='ocrx_word' id='word_1_60' title='bbox 397 712 565 756; x_wconf 68' lang='lat' dir='ltr'><strong>dixexis</strong></span> <span class='ocrx_word' id='word_1_61' title='bbox 597 728 731 770; x_wconf 81' lang='lat' dir='ltr'><strong>quam</strong></span> <span class='ocrx_word' id='word_1_62' title='bbox 761 712 811 754; x_wconf 88' lang='lat' dir='ltr'><strong>in</strong></span> <span class='ocrx_word' id='word_1_63' title='bbox 833 709 1091 755; x_wconf 86' lang='lat' dir='ltr'><strong>adversario</strong></span> <span class='ocrx_word' id='word_1_64' title='bbox 1116 710 1321 755; x_wconf 81' lang='lat' dir='ltr'><strong>exercitu</strong></span> <span class='ocrx_word' id='word_1_65' title='bbox 1341 726 1429 754; x_wconf 89' lang='lat' dir='ltr'><strong>vo-</strong></span> 
     </span>
     <span class='ocr_line' id='line_1_10' title="bbox 49 779 896 839; baseline 0.001 -19"><span class='ocrx_word' id='word_1_66' title='bbox 49 779 218 824; x_wconf 86' lang='lat' dir='ltr'><strong>lentem</strong></span> <span class='ocrx_word' id='word_1_67' title='bbox 237 781 480 839; x_wconf 83' lang='lat' dir='ltr'><strong>persistere</strong></span> <span class='ocrx_word' id='word_1_68' title='bbox 500 795 550 822; x_wconf 90' lang='lat' dir='ltr'><strong>ac</strong></span> <span class='ocrx_word' id='word_1_69' title='bbox 569 795 652 837; x_wconf 88' lang='lat' dir='ltr'><strong>per</strong></span> <span class='ocrx_word' id='word_1_70' title='bbox 654 779 896 824; x_wconf 78' lang='lat' dir='ltr'><strong>severare?</strong></span> 
     </span>
    </p>
   </div>
   <div class='ocr_carea' id='block_1_3' title="bbox 48 853 1429 977">
    <p class='ocr_par' dir='ltr' id='par_1_4' title="bbox 48 853 1429 977">
     <span class='ocr_line' id='line_1_11' title="bbox 160 853 1429 934; baseline -0.002 -36"><span class='ocrx_word' id='word_1_71' title='bbox 160 856 248 899; x_wconf 83' lang='lat' dir='ltr'><strong>La.</strong></span> <span class='ocrx_word' id='word_1_72' title='bbox 301 857 354 900; x_wconf 91' lang='lat' dir='ltr'><strong>In</strong></span> <span class='ocrx_word' id='word_1_73' title='bbox 375 856 629 900; x_wconf 86' lang='lat' dir='ltr'><strong>adversario</strong></span> <span class='ocrx_word' id='word_1_74' title='bbox 650 855 855 934; x_wconf 82' lang='lat' dir='ltr'><strong>exercitu</strong></span> <span class='ocrx_word' id='word_1_75' title='bbox 875 860 1258 914; x_wconf 77' lang='lat' dir='ltr'><strong>perseverantem,</strong></span> <span class='ocrx_word' id='word_1_76' title='bbox 1277 853 1429 897; x_wconf 88' lang='lat' dir='ltr'><strong>utmi-</strong></span> 
     </span>
     <span class='ocr_line' id='line_1_12' title="bbox 48 919 546 977; baseline 0.002 -12"><span class='ocrx_word' id='word_1_77' title='bbox 48 919 98 966; x_wconf 84' lang='lat' dir='ltr'><strong>hi</strong></span> <span class='ocrx_word' id='word_1_78' title='bbox 119 923 318 977; x_wconf 83' lang='lat' dir='ltr'><strong>videtur,</strong></span> <span class='ocrx_word' id='word_1_79' title='bbox 346 924 546 969; x_wconf 85' lang='lat' dir='ltr'><strong>Socrate.</strong></span> 
     </span>
    </p>
   </div>
   <div class='ocr_carea' id='block_1_4' title="bbox 50 996 1429 1125">
    <p class='ocr_par' dir='ltr' id='par_1_5' title="bbox 50 996 1429 1125">
     <span class='ocr_line' id='line_1_13' title="bbox 163 996 1429 1076; baseline -0.004 -33"><span class='ocrx_word' id='word_1_80' title='bbox 163 999 236 1044; x_wconf 86' lang='lat' dir='ltr'><strong>So.</strong></span> <span class='ocrx_word' id='word_1_81' title='bbox 295 1000 508 1046; x_wconf 85' lang='lat' dir='ltr'><strong>Attamen</strong></span> <span class='ocrx_word' id='word_1_82' title='bbox 536 998 871 1059; x_wconf 85' lang='lat' dir='ltr'><strong>imprudentior</strong></span> <span class='ocrx_word' id='word_1_83' title='bbox 901 1007 967 1043; x_wconf 90' lang='lat' dir='ltr'><strong>est</strong></span> <span class='ocrx_word' id='word_1_84' title='bbox 995 996 1132 1042; x_wconf 87' lang='lat' dir='ltr'><strong>huius</strong></span> <span class='ocrx_word' id='word_1_85' title='bbox 1161 1010 1296 1054; x_wconf 90' lang='lat' dir='ltr'><strong>quam</strong></span> <span class='ocrx_word' id='word_1_86' title='bbox 1310 996 1429 1076; x_wconf 81' lang='lat' dir='ltr'><strong>alte-</strong></span> 
     </span>
     <span class='ocr_line' id='line_1_14' title="bbox 50 1065 515 1125; baseline 0.015 -17"><span class='ocrx_word' id='word_1_87' title='bbox 50 1065 144 1109; x_wconf 87' lang='lat' dir='ltr'><strong>rius</strong></span> <span class='ocrx_word' id='word_1_88' title='bbox 167 1069 515 1125; x_wconf 79' lang='lat' dir='ltr'><strong>perseverantia.</strong></span> 
     </span>
    </p>
   </div>
   <div class='ocr_carea' id='block_1_5' title="bbox 161 1143 575 1189">
    <p class='ocr_par' dir='ltr' id='par_1_6' title="bbox 161 1143 575 1189">
     <span class='ocr_line' id='line_1_15' title="bbox 161 1143 575 1189; baseline 0.005 -3"><span class='ocrx_word' id='word_1_89' title='bbox 161 1143 252 1188; x_wconf 84' lang='lat' dir='ltr'><strong>La.</strong></span> <span class='ocrx_word' id='word_1_90' title='bbox 310 1145 432 1189; x_wconf 89' lang='lat' dir='ltr'><strong>Vera</strong></span> <span class='ocrx_word' id='word_1_91' title='bbox 451 1144 575 1189; x_wconf 88' lang='lat' dir='ltr'><strong>dicis.</strong></span> 
     </span>
    </p>
   </div>
   <div class='ocr_carea' id='block_1_6' title="bbox 50 1215 1428 1411">
    <p class='ocr_par' dir='ltr' id='par_1_7' title="bbox 50 1215 1428 1411">
     <span class='ocr_line' id='line_1_16' title="bbox 162 1215 1428 1278; baseline -0.003 -16"><span class='ocrx_word' id='word_1_92' title='bbox 162 1219 234 1262; x_wconf 82' lang='lat' dir='ltr'><strong>So·</strong></span> <span class='ocrx_word' id='word_1_93' title='bbox 290 1220 351 1263; x_wconf 83' lang='lat' dir='ltr'><strong>Et</strong></span> <span class='ocrx_word' id='word_1_94' title='bbox 380 1236 482 1264; x_wconf 91' lang='lat' dir='ltr'><strong>eum</strong></span> <span class='ocrx_word' id='word_1_95' title='bbox 516 1221 592 1278; x_wconf 91' lang='lat' dir='ltr'><strong>qui</strong></span> <span class='ocrx_word' id='word_1_96' title='bbox 622 1219 807 1263; x_wconf 77' lang='lat' dir='ltr'><strong>scientIa</strong></span> <span class='ocrx_word' id='word_1_97' title='bbox 839 1218 910 1262; x_wconf 85' lang='lat' dir='ltr'><strong>rei</strong></span> <span class='ocrx_word' id='word_1_98' title='bbox 950 1217 1166 1275; x_wconf 83' lang='lat' dir='ltr'><strong>equestris</strong></span> <span class='ocrx_word' id='word_1_99' title='bbox 1196 1215 1428 1275; x_wconf 84' lang='lat' dir='ltr'><strong>praeditus</strong></span> 
     </span>
     <span class='ocr_line' id='line_1_17' title="bbox 50 1283 1424 1346; baseline -0.002 -18"><span class='ocrx_word' id='word_1_100' title='bbox 50 1295 311 1345; x_wconf 83' lang='lat' dir='ltr'><strong>perseveret</strong></span> <span class='ocrx_word' id='word_1_101' title='bbox 337 1287 388 1330; x_wconf 92' lang='lat' dir='ltr'><strong>in</strong></span> <span class='ocrx_word' id='word_1_102' title='bbox 415 1292 567 1346; x_wconf 80' lang='lat' dir='ltr'><strong>pugna</strong></span> <span class='ocrx_word' id='word_1_103' title='bbox 599 1287 794 1345; x_wconf 78' lang='lat' dir='ltr'><strong>equestri</strong></span> <span class='ocrx_word' id='word_1_104' title='bbox 815 1288 963 1330; x_wconf 82' lang='lat' dir='ltr'><strong>minus</strong></span> <span class='ocrx_word' id='word_1_105' title='bbox 987 1285 1104 1329; x_wconf 87' lang='lat' dir='ltr'><strong>dices</strong></span> <span class='ocrx_word' id='word_1_106' title='bbox 1125 1283 1294 1329; x_wconf 70' lang='lat' dir='ltr'><strong>sortem</strong></span> <span class='ocrx_word' id='word_1_107' title='bbox 1314 1297 1424 1336; x_wconf 81' lang='lat' dir='ltr'><strong>esse,</strong></span> 
     </span>
     <span class='ocr_line' id='line_1_18' title="bbox 51 1353 550 1411; baseline 0.002 -15"><span class='ocrx_word' id='word_1_108' title='bbox 51 1368 187 1410; x_wconf 90' lang='lat' dir='ltr'><strong>quam</strong></span> <span class='ocrx_word' id='word_1_109' title='bbox 208 1353 286 1411; x_wconf 86' lang='lat' dir='ltr'><strong>qui</strong></span> <span class='ocrx_word' id='word_1_110' title='bbox 302 1370 353 1397; x_wconf 87' lang='lat' dir='ltr'><strong>ea</strong></span> <span class='ocrx_word' id='word_1_111' title='bbox 373 1355 550 1397; x_wconf 79' lang='lat' dir='ltr'><strong>careat?</strong></span> 
     </span>
    </p>
   </div>
   <div class='ocr_carea' id='block_1_7' title="bbox 50 1430 1426 1706">
    <p class='ocr_par' dir='ltr' id='par_1_8' title="bbox 161 1430 640 1475">
     <span class='ocr_line' id='line_1_19' title="bbox 161 1430 640 1475; baseline 0.002 -2"><span class='ocrx_word' id='word_1_112' title='bbox 161 1430 252 1473; x_wconf 82' lang='lat' dir='ltr'><strong>La.</strong></span> <span class='ocrx_word' id='word_1_113' title='bbox 307 1430 426 1474; x_wconf 88' lang='lat' dir='ltr'><strong>Mihi</strong></span> <span class='ocrx_word' id='word_1_114' title='bbox 447 1430 640 1475; x_wconf 87' lang='lat' dir='ltr'><strong>videtur.</strong></span> 
     </span>
    </p>

    <p class='ocr_par' dir='ltr' id='par_1_9' title="bbox 50 1503 1426 1638">
     <span class='ocr_line' id='line_1_20' title="bbox 165 1503 1426 1565; baseline 0 -17"><span class='ocrx_word' id='word_1_115' title='bbox 165 1505 240 1551; x_wconf 78' lang='lat' dir='ltr'><strong>So·</strong></span> <span class='ocrx_word' id='word_1_116' title='bbox 295 1506 355 1551; x_wconf 84' lang='lat' dir='ltr'><strong>Et</strong></span> <span class='ocrx_word' id='word_1_117' title='bbox 385 1522 490 1551; x_wconf 88' lang='lat' dir='ltr'><strong>eum</strong></span> <span class='ocrx_word' id='word_1_118' title='bbox 509 1507 596 1565; x_wconf 71' lang='lat' dir='ltr'><strong>’qui</strong></span> <span class='ocrx_word' id='word_1_119' title='bbox 614 1515 713 1551; x_wconf 84' lang='lat' dir='ltr'><strong>arte</strong></span> <span class='ocrx_word' id='word_1_120' title='bbox 729 1521 943 1549; x_wconf 85' lang='lat' dir='ltr'><strong>saxorum</strong></span> <span class='ocrx_word' id='word_1_121' title='bbox 960 1504 1102 1548; x_wconf 85' lang='lat' dir='ltr'><strong>funda</strong></span> <span class='ocrx_word' id='word_1_122' title='bbox 1118 1503 1426 1551; x_wconf 84' lang='lat' dir='ltr'><strong>iaciendorum</strong></span> 
     </span>
     <span class='ocr_line' id='line_1_21' title="bbox 50 1571 1253 1638; baseline 0 -24"><span class='ocrx_word' id='word_1_123' title='bbox 50 1571 125 1614; x_wconf 83' lang='lat' dir='ltr'><strong>vel</strong></span> <span class='ocrx_word' id='word_1_124' title='bbox 141 1574 377 1630; x_wconf 84' lang='lat' dir='ltr'><strong>sagittandi</strong></span> <span class='ocrx_word' id='word_1_125' title='bbox 396 1575 468 1618; x_wconf 89' lang='lat' dir='ltr'><strong>vel</strong></span> <span class='ocrx_word' id='word_1_126' title='bbox 488 1575 588 1630; x_wconf 72' lang='lat' dir='ltr'><strong>alia:</strong></span> <span class='ocrx_word' id='word_1_127' title='bbox 597 1589 685 1631; x_wconf 87' lang='lat' dir='ltr'><strong>qua</strong></span> <span class='ocrx_word' id='word_1_128' title='bbox 702 1573 934 1632; x_wconf 85' lang='lat' dir='ltr'><strong>praeditus</strong></span> <span class='ocrx_word' id='word_1_129' title='bbox 955 1579 1216 1638; x_wconf 77' lang='lat' dir='ltr'><strong>perseveret</strong></span> <span class='ocrx_word' id='word_1_130' title='bbox 1224 1571 1253 1631; x_wconf 25' lang='lat'><strong>‘27</strong></span> 
     </span>
    </p>

    <p class='ocr_par' dir='ltr' id='par_1_10' title="bbox 152 1638 642 1706">
     <span class='ocr_line' id='line_1_22' title="bbox 152 1638 642 1706; baseline -0.002 -14"><span class='ocrx_word' id='word_1_131' title='bbox 152 1638 250 1694; x_wconf 82' lang='lat' dir='ltr'><strong>La.</strong></span> <span class='ocrx_word' id='word_1_132' title='bbox 306 1649 423 1694; x_wconf 83' lang='lat' dir='ltr'><strong>Sane</strong></span> <span class='ocrx_word' id='word_1_133' title='bbox 445 1650 642 1706; x_wconf 82' lang='lat' dir='ltr'><strong>quidem.</strong></span> 
     </span>
    </p>
   </div>
   <div class='ocr_carea' id='block_1_8' title="bbox 52 1719 1428 1985">
    <p class='ocr_par' dir='ltr' id='par_1_11' title="bbox 52 1719 1428 1985">
     <span class='ocr_line' id='line_1_23' title="bbox 166 1719 1428 1783; baseline -0.002 -16"><span class='ocrx_word' id='word_1_134' title='bbox 166 1724 241 1768; x_wconf 86' lang='lat' dir='ltr'><strong>So.</strong></span> <span class='ocrx_word' id='word_1_135' title='bbox 299 1724 360 1768; x_wconf 84' lang='lat' dir='ltr'><strong>Et</strong></span> <span class='ocrx_word' id='word_1_136' title='bbox 401 1724 673 1782; x_wconf 86' lang='lat' dir='ltr'><strong>quicumque</strong></span> <span class='ocrx_word' id='word_1_137' title='bbox 706 1724 756 1767; x_wconf 87' lang='lat' dir='ltr'><strong>in</strong></span> <span class='ocrx_word' id='word_1_138' title='bbox 791 1732 983 1783; x_wconf 80' lang='lat' dir='ltr'><strong>puteum</strong></span> <span class='ocrx_word' id='word_1_139' title='bbox 1025 1719 1341 1764; x_wconf 81' lang='lat' dir='ltr'><strong>descendentes</strong></span> <span class='ocrx_word' id='word_1_140' title='bbox 1381 1730 1428 1764; x_wconf 88' lang='lat' dir='ltr'><strong>et</strong></span> 
     </span>
     <span class='ocr_line' id='line_1_24' title="bbox 52 1786 1427 1850; baseline -0.001 -17"><span class='ocrx_word' id='word_1_141' title='bbox 52 1790 285 1835; x_wconf 79' lang='lat' dir='ltr'><strong>urinantes</strong></span> <span class='ocrx_word' id='word_1_142' title='bbox 304 1808 518 1850; x_wconf 86' lang='lat' dir='ltr'><strong>perseve1</strong></span> <span class='ocrx_word' id='word_1_143' title='bbox 521 1802 597 1836; x_wconf 87' lang='lat' dir='ltr'><strong>ent</strong></span> <span class='ocrx_word' id='word_1_144' title='bbox 615 1792 664 1835; x_wconf 84' lang='lat' dir='ltr'><strong>in</strong></span> <span class='ocrx_word' id='word_1_145' title='bbox 685 1790 770 1834; x_wconf 88' lang='lat' dir='ltr'><strong>hoc</strong></span> <span class='ocrx_word' id='word_1_146' title='bbox 790 1806 952 1849; x_wconf 89' lang='lat' dir='ltr'><strong>opere,</strong></span> <span class='ocrx_word' id='word_1_147' title='bbox 979 1789 1086 1834; x_wconf 84' lang='lat' dir='ltr'><strong>licet</strong></span> <span class='ocrx_word' id='word_1_148' title='bbox 1110 1786 1206 1831; x_wconf 80' lang='lat' dir='ltr'><strong>eius</strong></span> <span class='ocrx_word' id='word_1_149' title='bbox 1224 1786 1427 1847; x_wconf 80' lang='lat' dir='ltr'><strong>imperiti</strong></span> 
     </span>
     <span class='ocr_line' id='line_1_25' title="bbox 53 1854 1426 1917; baseline -0.003 -16"><span class='ocrx_word' id='word_1_150' title='bbox 53 1859 143 1902; x_wconf 88' lang='lat' dir='ltr'><strong>sint</strong></span> <span class='ocrx_word' id='word_1_151' title='bbox 154 1891 167 1913; x_wconf 94' lang='lat'><strong>,</strong></span> <span class='ocrx_word' id='word_1_152' title='bbox 196 1858 270 1901; x_wconf 88' lang='lat' dir='ltr'><strong>vel</strong></span> <span class='ocrx_word' id='word_1_153' title='bbox 288 1859 376 1902; x_wconf 84' lang='lat' dir='ltr'><strong>alio</strong></span> <span class='ocrx_word' id='word_1_154' title='bbox 398 1875 487 1917; x_wconf 89' lang='lat' dir='ltr'><strong>quo</strong></span> <span class='ocrx_word' id='word_1_155' title='bbox 510 1857 792 1914; x_wconf 87' lang='lat' dir='ltr'><strong>huiusmodi,</strong></span> <span class='ocrx_word' id='word_1_156' title='bbox 819 1858 1027 1902; x_wconf 82' lang='lat' dir='ltr'><strong>fortiores</strong></span> <span class='ocrx_word' id='word_1_157' title='bbox 1046 1857 1165 1900; x_wconf 88' lang='lat' dir='ltr'><strong>dices</strong></span> <span class='ocrx_word' id='word_1_158' title='bbox 1187 1869 1323 1913; x_wconf 87' lang='lat' dir='ltr'><strong>quam</strong></span> <span class='ocrx_word' id='word_1_159' title='bbox 1341 1854 1426 1898; x_wconf 87' lang='lat' dir='ltr'><strong>ha·-</strong></span> 
     </span>
     <span class='ocr_line' id='line_1_26' title="bbox 53 1927 557 1985; baseline 0.002 -16"><span class='ocrx_word' id='word_1_160' title='bbox 53 1941 158 1969; x_wconf 86' lang='lat' dir='ltr'><strong>rum</strong></span> <span class='ocrx_word' id='word_1_161' title='bbox 177 1942 334 1970; x_wconf 87' lang='lat' dir='ltr'><strong>rerum</strong></span> <span class='ocrx_word' id='word_1_162' title='bbox 353 1927 551 1985; x_wconf 87' lang='lat' dir='ltr'><strong>peritos.</strong></span> <span class='ocrx_word' id='word_1_163' title='bbox 535 1929 557 1957; x_wconf 69' lang='lat'><strong>‘²</strong></span> 
     </span>
    </p>
   </div>
   <div class='ocr_carea' id='block_1_9' title="bbox 164 1998 1286 2213">
    <p class='ocr_par' dir='ltr' id='par_1_12' title="bbox 164 1998 1286 2213">
     <span class='ocr_line' id='line_1_27' title="bbox 164 1998 1286 2065; baseline -0.004 -19"><span class='ocrx_word' id='word_1_164' title='bbox 164 2003 255 2046; x_wconf 84' lang='lat' dir='ltr'><strong>La</strong></span> <span class='ocrx_word' id='word_1_165' title='bbox 312 2002 436 2061; x_wconf 87' lang='lat' dir='ltr'><strong>Quid</strong></span> <span class='ocrx_word' id='word_1_166' title='bbox 457 2004 579 2046; x_wconf 86' lang='lat' dir='ltr'><strong>aliud</strong></span> <span class='ocrx_word' id='word_1_167' title='bbox 599 2003 819 2065; x_wconf 84' lang='lat' dir='ltr'><strong>quispiam</strong></span> <span class='ocrx_word' id='word_1_168' title='bbox 843 1999 1036 2055; x_wconf 78' lang='lat' dir='ltr'><strong>dixerit,</strong></span> <span class='ocrx_word' id='word_1_169' title='bbox 1072 1998 1286 2043; x_wconf 81' lang='lat' dir='ltr'><strong>Socrate?</strong></span> 
     </span>
     <span class='ocr_line' id='line_1_28' title="bbox 169 2078 983 2138; baseline -0.002 -16"><span class='ocrx_word' id='word_1_170' title='bbox 169 2079 242 2123; x_wconf 86' lang='lat' dir='ltr'><strong>So.</strong></span> <span class='ocrx_word' id='word_1_171' title='bbox 298 2079 447 2133; x_wconf 86' lang='lat' dir='ltr'><strong>Nihil,</strong></span> <span class='ocrx_word' id='word_1_172' title='bbox 476 2081 700 2138; x_wconf 88' lang='lat' dir='ltr'><strong>siquidem</strong></span> <span class='ocrx_word' id='word_1_173' title='bbox 724 2081 787 2123; x_wconf 81' lang='lat' dir='ltr'><strong>ita</strong></span> <span class='ocrx_word' id='word_1_174' title='bbox 810 2078 983 2122; x_wconf 70' lang='lat' dir='ltr'><strong>sentiat.</strong></span> 
     </span>
     <span class='ocr_line' id='line_1_29' title="bbox 165 2155 790 2213; baseline 0.003 -15"><span class='ocrx_word' id='word_1_175' title='bbox 165 2155 253 2198; x_wconf 80' lang='lat' dir='ltr'><strong>La.</strong></span> <span class='ocrx_word' id='word_1_176' title='bbox 309 2155 528 2213; x_wconf 89' lang='lat' dir='ltr'><strong>Equidem</strong></span> <span class='ocrx_word' id='word_1_177' title='bbox 551 2157 613 2200; x_wconf 83' lang='lat' dir='ltr'><strong>ita</strong></span> <span class='ocrx_word' id='word_1_178' title='bbox 632 2156 790 2200; x_wconf 83' lang='lat' dir='ltr'><strong>sentio.</strong></span> 
     </span>
    </p>
   </div>
   <div class='ocr_carea' id='block_1_10' title="bbox 4 2225 1426 2412">
    <p class='ocr_par' dir='ltr' id='par_1_13' title="bbox 4 2225 1426 2412">
     <span class='ocr_line' id='line_1_30' title="bbox 165 2225 1426 2290; baseline -0.003 -16"><span class='ocrx_word' id='word_1_179' title='bbox 165 2232 236 2274; x_wconf 87' lang='lat' dir='ltr'><strong>So.</strong></span> <span class='ocrx_word' id='word_1_180' title='bbox 295 2232 390 2275; x_wconf 88' lang='lat' dir='ltr'><strong>Iam</strong></span> <span class='ocrx_word' id='word_1_181' title='bbox 423 2248 533 2276; x_wconf 83' lang='lat' dir='ltr'><strong>vero</strong></span> <span class='ocrx_word' id='word_1_182' title='bbox 563 2232 897 2290; x_wconf 82' lang='lat' dir='ltr'><strong>imprudentia,</strong></span> <span class='ocrx_word' id='word_1_183' title='bbox 942 2228 1136 2279; x_wconf 87' lang='lat' dir='ltr'><strong>Laches,</strong></span> <span class='ocrx_word' id='word_1_184' title='bbox 1171 2225 1426 2270; x_wconf 81' lang='lat' dir='ltr'><strong>huiusmodi</strong></span> 
     </span>
     <span class='ocr_line' id='line_1_31' title="bbox 4 2298 1425 2360; baseline 0.001 -17"><span class='ocrx_word' id='word_1_185' title='bbox 4 2341 6 2343; x_wconf 87' lang='lat'>.</span> <span class='ocrx_word' id='word_1_186' title='bbox 55 2298 309 2356; x_wconf 86' lang='lat' dir='ltr'><strong>periculum</strong></span> <span class='ocrx_word' id='word_1_187' title='bbox 341 2300 535 2344; x_wconf 85' lang='lat' dir='ltr'><strong>subeunt</strong></span> <span class='ocrx_word' id='word_1_188' title='bbox 568 2301 762 2344; x_wconf 85' lang='lat' dir='ltr'><strong>subeunt</strong></span> <span class='ocrx_word' id='word_1_189' title='bbox 792 2308 836 2344; x_wconf 86' lang='lat' dir='ltr'><strong>et</strong></span> <span class='ocrx_word' id='word_1_190' title='bbox 860 2311 1151 2358; x_wconf 84' lang='lat' dir='ltr'><strong>perseverant</strong></span> <span class='ocrx_word' id='word_1_191' title='bbox 1175 2315 1308 2358; x_wconf 87' lang='lat' dir='ltr'><strong>quam</strong></span> <span class='ocrx_word' id='word_1_192' title='bbox 1346 2302 1425 2360; x_wconf 88' lang='lat' dir='ltr'><strong>qui</strong></span> 
     </span>
     <span class='ocr_line' id='line_1_32' title="bbox 58 2367 715 2412; baseline 0.006 -4"><span class='ocrx_word' id='word_1_193' title='bbox 58 2374 199 2409; x_wconf 70' lang='lat' dir='ltr'><strong>artem</strong></span> <span class='ocrx_word' id='word_1_194' title='bbox 229 2375 427 2410; x_wconf 77' lang='lat' dir='ltr'><strong>tenentes</strong></span> <span class='ocrx_word' id='word_1_195' title='bbox 454 2367 502 2411; x_wconf 89' lang='lat' dir='ltr'><strong>id</strong></span> <span class='ocrx_word' id='word_1_196' title='bbox 532 2368 715 2412; x_wconf 74' lang='lat' dir='ltr'><strong>faciunt.</strong></span> 
     </span>
    </p>
   </div>
   <div class='ocr_carea' id='block_1_11' title="bbox 167 2441 546 2488">
    <p class='ocr_par' dir='ltr' id='par_1_14' title="bbox 167 2441 546 2488">
     <span class='ocr_line' id='line_1_33' title="bbox 167 2441 546 2488; baseline 0.003 -4"><span class='ocrx_word' id='word_1_197' title='bbox 167 2441 254 2484; x_wconf 86' lang='lat' dir='ltr'><strong>La.</strong></span> <span class='ocrx_word' id='word_1_198' title='bbox 311 2443 546 2488; x_wconf 85' lang='lat' dir='ltr'><strong>Videntur.</strong></span> 
     </span>
    </p>
   </div>
   <div class='ocr_carea' id='block_1_12' title="bbox 58 2519 1420 2649">
    <p class='ocr_par' dir='ltr' id='par_1_15' title="bbox 58 2519 1420 2649">
     <span class='ocr_line' id='line_1_34' title="bbox 170 2519 1420 2583; baseline 0.004 -22"><span class='ocrx_word' id='word_1_199' title='bbox 170 2520 242 2561; x_wconf 86' lang='lat' dir='ltr'><strong>So.</strong></span> <span class='ocrx_word' id='word_1_200' title='bbox 296 2519 460 2562; x_wconf 87' lang='lat' dir='ltr'><strong>Nonne</strong></span> <span class='ocrx_word' id='word_1_201' title='bbox 491 2523 636 2579; x_wconf 86' lang='lat' dir='ltr'><strong>turpis</strong></span> <span class='ocrx_word' id='word_1_202' title='bbox 659 2537 793 2580; x_wconf 84' lang='lat' dir='ltr'><strong>supra</strong></span> <span class='ocrx_word' id='word_1_203' title='bbox 813 2522 938 2565; x_wconf 92' lang='lat' dir='ltr'><strong>nobis</strong></span> <span class='ocrx_word' id='word_1_204' title='bbox 958 2522 1052 2565; x_wconf 89' lang='lat' dir='ltr'><strong>visa</strong></span> <span class='ocrx_word' id='word_1_205' title='bbox 1077 2529 1144 2567; x_wconf 84' lang='lat' dir='ltr'><strong>est</strong></span> <span class='ocrx_word' id='word_1_206' title='bbox 1157 2522 1420 2583; x_wconf 82' lang='lat' dir='ltr'><strong>imprudens</strong></span> 
     </span>
     <span class='ocr_line' id='line_1_35' title="bbox 58 2586 1105 2649; baseline 0.007 -21"><span class='ocrx_word' id='word_1_207' title='bbox 58 2586 237 2629; x_wconf 85' lang='lat' dir='ltr'><strong>audacia</strong></span> <span class='ocrx_word' id='word_1_208' title='bbox 258 2597 301 2631; x_wconf 87' lang='lat' dir='ltr'><strong>et</strong></span> <span class='ocrx_word' id='word_1_209' title='bbox 320 2590 651 2646; x_wconf 79' lang='lat' dir='ltr'><strong>perseverantia</strong></span> <span class='ocrx_word' id='word_1_210' title='bbox 672 2599 801 2648; x_wconf 85' lang='lat' dir='ltr'><strong>atque</strong></span> <span class='ocrx_word' id='word_1_211' title='bbox 822 2590 1105 2649; x_wconf 77' lang='lat' dir='ltr'><strong>perniciosa?</strong></span> 
     </span>
    </p>
   </div>
  </div>
 </body>
</html>
