1702 2918
603 129 957 174 EPINOMIS.
1108 132 1121 149 “⁴
1441 135 1498 170 11

128 272 234 301 men
277 253 572 315 propositum·
592 252 650 296 sit
687 259 746 296 ut,
772 260 908 308 quam
938 248 1140 307 optimus
1164 246 1375 292 videatur
1394 259 1506 288 eva-

129 326 236 370 sisse
249 355 267 377 ,.
299 339 371 367 eas
393 321 552 380 fugere
565 353 578 374 ,
607 328 657 364 ut
676 317 944 378 sapientiam
963 315 1150 372 eiusque
1169 315 1366 365 studium
1389 327 1511 356 asse-

131 400 308 450 quatur.
349 399 441 434 esto
473 389 612 447 igitur
644 388 846 446 primum
871 391 1031 429 mutua
1053 383 1349 429 animantium
1368 382 1510 426 devo—

130 459 277 510 ratio,
305 473 420 516 quae
444 471 527 499 nos
548 456 604 499 ab
625 455 749 510 aliis,
770 463 823 498 ut
844 453 998 497 fabula
1014 451 1178 503 tradit,
1219 451 1405 496 omniuo
1430 449 1512 492 ab-

133 526 292 578 duxit,
345 525 400 568 ad
443 524 636 567 aliorum
672 539 784 567 vero
815 521 1069 579 legitimum
1099 527 1281 577 pastum
1310 516 1512 565 adduxit.

132 609 183 636 ac
220 593 410 652 propitii
444 591 625 650 quidem
654 591 786 635 nobis
818 591 910 634 sint
938 587 1133 632 maiores
1168 593 1213 630 et
1237 601 1348 630 vero
1382 586 1518 639 etiam

133 669 238 704 sunt
250 693 266 712 ,
313 660 390 704 sed
433 660 512 717 qui
554 660 694 719 primi
737 674 897 703 eorum
944 671 1056 715 quae
1088 652 1291 698 diximus
1317 661 1518 700 auctores

132 728 346 782 fuerunt,
377 728 568 772 valeant.
613 727 774 771 deiude
798 729 1008 786 polentae
1033 732 1077 766 et
1097 722 1272 766 similae
1293 720 1516 765 confectio

137 797 362 854 simulque
381 797 647 842 alimentum
667 796 910 855 pulchrum
932 791 1117 851 quidem
1138 805 1191 834 ac
1210 789 1380 833 bonum
1394 821 1407 842 ,
1449 805 1522 833 sa-

134 865 338 923 pientem
358 880 469 908 vero
493 865 645 908 virum
668 863 871 923 perfecte
881 877 1129 920 numquam
1139 857 1311 920 poterit
1322 857 1527 912 efficere3

137 932 225 975 hoc
258 932 381 976 enim
398 933 578 991 ipsum,
613 931 905 975 confectionis
927 946 1095 974 nomen
1107 962 1123 982 ,
1163 927 1274 988 ipsis
1296 926 1526 970 confecto-2

137 1001 267 1044 ribus
291 1000 545 1044 molestiam
568 1000 714 1044 affert.
742 1014 893 1057 neque
915 999 1050 1043 etiam
1076 997 1291 1040 universa
1304 995 1400 1054 agri
1423 995 1528 1040 cul-

138 1077 267 1123 tura3
304 1083 396 1111 non
426 1067 549 1110 enim
577 1075 694 1120 arte,
731 1068 810 1110 sed
839 1075 1002 1111 natura
1032 1065 1114 1108 deo
1133 1063 1374 1108 adiuvante
1399 1064 1528 1108 vide-

139 1151 246 1179 mur
282 1145 452 1180 terram
475 1141 692 1188 tractare3
733 1150 883 1192 neque
904 1134 1040 1178 etiam
1059 1133 1299 1176 domorum
1322 1141 1529 1177 constru-

140 1203 229 1247 ctio
262 1210 305 1247 et
336 1201 551 1244 universa
570 1201 819 1244 aedificatio
845 1210 889 1245 et
910 1216 1122 1246 vasorum
1145 1201 1349 1245 omnium
1372 1200 1531 1243 confe-

141 1269 248 1321 ctio,
277 1284 351 1312 ars
377 1267 572 1313 ferraria
594 1278 637 1312 et
658 1268 1069 1316 instrumentorum
1088 1268 1208 1312 fabri
1228 1268 1428 1331 lignarii,
1467 1267 1532 1312 fi-

136 1334 296 1390 ctoris,
307 1336 496 1380 textoris
509 1337 880 1395 reliquorumque
891 1338 1097 1382 omnium
1107 1336 1530 1396 apparatio,populo

144 1405 434 1450 commodum
456 1405 676 1464 praebens
689 1438 701 1459 ,
731 1421 823 1449 non
843 1408 900 1449 ad
917 1407 1134 1450 virtutem
1153 1412 1359 1465 spectans
1385 1420 1534 1462 neque

143 1474 357 1518 universa
376 1473 556 1517 venatio
568 1505 581 1527 ‚
618 1474 726 1518 licet
744 1474 890 1519 multa
907 1475 965 1518 sit
987 1484 1119 1533 atque
1139 1473 1378 1518 artificiosa
1394 1506 1406 1528 ‚
1434 1489 1536 1519 ma-

144 1541 451 1600 gnificentiam
466 1557 572 1585 cum
594 1542 816 1600 sapientia
836 1543 1021 1599 tribuit3
1050 1558 1200 1602 neque
1218 1542 1405 1586 omnino
1417 1542 1536 1587 vati-

147 1610 328 1654 cinandi
364 1619 410 1654 et
445 1610 774 1669 interpretandi
802 1619 947 1667 artes3
997 1627 1105 1655 nam
1133 1611 1181 1656 id
1208 1619 1386 1654 tantum
1417 1610 1538 1667 quod

148 1679 314 1722 dicitur
349 1677 586 1736 intelligit,
630 1694 687 1722 an
717 1694 879 1724 verum
903 1681 961 1724 sit
979 1680 1134 1724 nescit.
1195 1678 1428 1737 Quoniam
1444 1678 1537 1736 igi-

149 1754 226 1790 tur
268 1746 475 1789 videmus
506 1761 661 1790 rerum
694 1750 1047 1797 necessariarum
1082 1747 1414 1806 possessionem
1442 1755 1539 1790 arte

147 1821 350 1872 paratam
364 1846 377 1868 ,
435 1813 600 1858 harum
645 1825 799 1859 autem
833 1818 1023 1861 mullam
1057 1817 1310 1876 sapientem
1344 1816 1541 1874 aliquem

151 1880 446 1936 efficientem,
482 1881 576 1925 iam
605 1882 815 1944 deinceps
848 1886 1050 1944 reliquus
1087 1886 1174 1931 erit
1196 1886 1321 1929 lusus
1340 1884 1540 1943 quidam,

151 1947 401 1992 maximam
434 1949 618 2007 quidem
646 1961 827 2010 partem
851 1953 902 1996 in
932 1954 1188 1998 imitatione
1216 1969 1425 2006 versans,
1463 1951 1542 1994 sed

156 2015 283 2060 nullo
303 2017 441 2059 modo
463 2018 630 2072 serius3
658 2020 812 2064 multis
825 2022 948 2075 enim
959 2022 1275 2066 instrumentis
1288 2020 1547 2074 imitantur,

151 2083 308 2126 multis
333 2083 470 2126 etiam
486 2099 735 2142 corporum
757 2087 877 2129 haud
894 2103 1000 2132 sane
1011 2089 1186 2132 decoris
1196 2087 1540 2141 imitationibus,

152 2158 254 2194 tum
283 2151 418 2195 etiam
441 2151 644 2194 oratione
669 2152 817 2196 soluta
837 2157 1052 2214 omnique
1073 2155 1220 2214 poesi,
1241 2155 1540 2214 praetereaiis

154 2234 350 2276 quorum
361 2228 504 2263 mater
514 2229 578 2263 est
591 2219 780 2278 pictura,
797 2221 906 2266 dum
917 2225 1056 2267 multa
1071 2221 1249 2267 etvaria
1262 2222 1540 2282 exprimun-

153 2297 231 2330 tur
259 2287 412 2331 multis
430 2287 628 2331 humidis
649 2296 693 2331 et
708 2289 859 2347 siccisf,
883 2293 1115 2335 neminem
1126 2290 1296 2334 veroin
1310 2303 1539 2348 quoquam

158 2370 313 2412 opere,
331 2355 434 2399 licet
446 2371 622 2398 summo
633 2357 780 2403 studio
794 2361 1016 2418 perficiat,
1040 2376 1110 2403 ars
1122 2357 1346 2402 imitatrix
1358 2359 1541 2417 sapien-

157 2431 252 2466 tem
263 2423 420 2467 reddit.
435 2424 678 2481 Postquam
690 2425 744 2468 de
753 2425 822 2471 his
832 2430 1040 2472 omnibus
1053 2426 1362 2486 exposuimus,
1371 2437 1542 2472 restant

160 2499 277 2533 artes
310 2491 716 2549 innumerabilibus
748 2495 1098 2541 innumerabilia
1125 2495 1296 2538 auxilia
1331 2494 1542 2548 ferentes,

160 2573 351 2615 quarum
372 2561 575 2605 maxima
598 2570 640 2604 et
654 2562 706 2604 ad
722 2564 1160 2626 plurimapertinens
1171 2562 1332 2606 bellica
1342 2573 1407 2607 est
1429 2580 1541 2620 quae

161 2626 322 2671 dicitur
340 2643 411 2671 ars
422 2629 730 2689 imperatoria,
750 2633 994 2678 clarissima
1004 2631 1057 2675 ad
1068 2631 1322 2688 utilitatem,
1341 2634 1541 2680 maxime
