1716 2878
651 112 1105 155 EUTHYPHRO.
1509 117 1568 154 71

256 276 263 289 ,Ι
301 234 375 275 So.
430 232 553 290 Ergo
577 231 639 274 dii
661 245 852 288 quoque,
879 230 1058 288 egregie
1070 228 1357 287 Euthyphro,
1382 227 1458 269 alii
1479 227 1565 270 alia

188 300 300 343 iusta
320 307 479 357 putant
499 315 559 343 ex
579 298 756 342 ratione
776 308 854 342 tua
865 331 879 350 ,
909 299 1107 354 itemque
1134 296 1321 356 pulchra
1339 304 1383 338 et
1400 296 1565 352 turpia,

186 367 302 408 bona
321 375 364 409 et
385 368 532 410 mala?
561 381 656 408 non
678 366 798 408 enim
819 368 947 410 inter·
962 381 1036 416 se,
1064 365 1251 422 opinor,
1285 363 1565 421 dissiderem,

184 434 271 477 nisi
295 434 349 476 de
369 434 440 477 his
460 435 636 477 diversa
657 435 900 477 sentirent:
931 434 1112 476 annon?

294 501 387 544 Ειι.
441 501 579 544 Recte
597 500 718 544 dicis.
895 497 898 500 Δ

293 569 363 612 So.
422 569 582 611 Nonne
602 583 716 625 quae
740 569 903 626 singuli
924 569 1113 627 pulchra
1139 576 1298 625 putant
1321 574 1363 608 et
1378 565 1496 607 bona
1519 573 1563 606 et

180 636 318 685 iusta,
350 650 403 678 ea
423 637 560 679 etiam
580 645 756 690 amant,
786 652 987 696 quaeque
1013 636 1181 679 horum
1203 643 1306 676 suut
1338 631 1560 675 contraria

178 703 400 747 oderunt?
1491 713 1497 717 “

274 766 379 815 Ἐκ.
436 771 553 815 Sane
572 768 776 828 quidem}

286 841 361 884 So.
411 840 589 882 Eadem
611 855 738 893 vero,
761 849 813 883 ut
831 849 881 883 tu
901 840 1025 892 dicis,
1050 839 1128 882 alii
1148 839 1263 880 iusta
1283 836 1557 884 existimant,

175 907 251 949 alii
278 907 466 959 iniusta,
493 907 548 948 de
578 907 736 963 quibus
758 909 892 950 etiam
929 908 1203 965 ambigentes
1235 905 1451 948 dissident
1480 900 1552 942 di-

174 974 429 1030 micantque
445 974 564 1016 inter
584 989 655 1015 se:
686 988 838 1017 annon
859 974 924 1018 ita
943 979 1038 1018 est?

285 1043 376 1087 Eu.
433 1042 498 1083 Ita
525 1056 652 1084 vero.

283 1109 355 1150 So.
409 1109 580 1153 Eadem
610 1124 742 1166 ergo,
782 1116 833 1151 ut
863 1116 1015 1166 patet,
1055 1108 1138 1151 diis
1171 1117 1214 1151 et
1244 1107 1349 1149 odio
1379 1113 1484 1147 sunt
1509 1112 1552 1146 et

140 1188 144 1199 ⁴
170 1184 401 1228 amantur,
432 1175 604 1232 diisque
625 1185 668 1218 et
692 1175 838 1219 invisa
858 1184 902 1218 et
923 1191 1026 1220 cara
1044 1176 1200 1222 eadem
1218 1182 1366 1217 erunt.

279 1243 368 1284 Eu.
425 1242 499 1285 Sic
523 1243 715 1288 videtur.

281 1309 354 1352 So.
411 1309 566 1366 Itaque
582 1310 660 1367 pia
683 1318 727 1353 et
746 1310 890 1368 impia
913 1319 1047 1355 erunt
1069 1310 1240 1365 eadem,
1260 1307 1547 1366 Euthyphro‚

167 1393 225 1420 ex
246 1377 331 1420 ista
354 1377 541 1420 ratione.

275 1445 366 1488 Eu.
425 1446 492 1490 Ita
520 1445 617 1488 fere
636 1445 781 1490 habet.

276 1512 349 1555 So.
405 1513 506 1554 Non
524 1513 664 1570 igitur
684 1515 737 1556 ad
759 1513 868 1558 illud
890 1513 1010 1570 quod
1033 1513 1262 1570 rogabam,
1291 1527 1317 1554 ο
1341 1510 1547 1562 mirifice,'

162 1579 460 1637 respondisti3
490 1596 582 1622 non
604 1583 724 1624 enim
752 1583 839 1623 hoc
859 1581 1100 1637 rogabam,
1132 1581 1247 1638 quod
1271 1579 1389 1622 idem
1414 1578 1545 1636 pium

161 1647 295 1689 simul
318 1655 362 1690 et
378 1648 572 1705 impium
596 1657 731 1703 esset3
760 1649 880 1706 qnod
902 1657 1057 1691 contra
1078 1665 1136 1691 ex
1157 1649 1330 1691 ratione
1350 1656 1424 1690 tua
1447 1644 1544 1687 effi-

162 1714 280 1758 citur
301 1715 347 1757 id
372 1715 491 1771 quod
508 1716 590 1758 diis
611 1732 764 1759 carum
793 1717 849 1759 sit
868 1715 1034 1758 eisdem
1056 1717 1189 1759 etiam
1214 1716 1411 1757 invisum
1435 1728 1541 1756 esse.

161 1797 300 1838 quare
327 1781 443 1824 nihil
464 1784 634 1826 mirum
663 1785 773 1837 erit,
802 1783 862 1836 si,
891 1783 1011 1840 quod
1043 1793 1088 1826 tu
1118 1785 1208 1826 iam
1230 1783 1338 1825 facis
1359 1781 1542 1836 Euthy-

160 1848 277 1905 phro
289 1882 304 1901 ,
344 1865 484 1906 quum
518 1853 658 1910 patris
693 1866 887 1911 poenam
924 1851 1234 1908 persequeris,
1273 1851 1335 1893 sic
1372 1849 1540 1906 agendo

160 1915 259 1957 Iovi
283 1917 462 1972 quidem
485 1933 639 1961 carum
662 1919 767 1977 quid
787 1919 937 1967 facias,
960 1918 1155 1961 Saturno
1175 1927 1328 1960 contra
1346 1926 1390 1958 et
1405 1917 1540 1957 Caelo

160 1981 424 2042 inimicum,
462 1985 759 2042 similiterque
788 1986 994 2030 Vulcano
1030 1999 1207 2035 carum,
1249 1983 1412 2024 Iunoni
1448 1983 1541 2024 ini-

158 2049 355 2100 micum,
388 2057 433 2091 et
464 2050 503 2091 si
534 2051 630 2105 quis
664 2051 852 2092 deorum
885 2051 996 2092 alter
1016 2050 1070 2092 ab
1100 2051 1239 2092 altero
1267 2049 1469 2093 dissentit
1489 2065 1541 2091 ea

159 2115 215 2157 de
234 2131 313 2166 re,
352 2115 423 2158 his
449 2131 626 2172 quoque
647 2117 804 2160 eodem
829 2116 978 2158 modo.

268 2184 361 2226 Eu.
419 2183 480 2226 At
502 2183 586 2226 hac
618 2184 671 2226 de
708 2200 783 2237 re,
822 2184 1029 2236 Socrate,
1065 2198 1313 2240 numquam
1351 2184 1539 2228 deorum

158 2251 350 2292 alterum
375 2251 429 2292 ab
452 2251 590 2293 altero
612 2250 845 2293 dissentire
868 2251 1063 2294 arbitror
1083 2267 1164 2293 nec
1189 2252 1406 2302 dubitare,
1428 2254 1539 2309 quin

156 2331 302 2373 poena
321 2317 378 2360 sit
402 2318 567 2360 luenda
592 2318 643 2372 ei·
657 2319 733 2375 qui
759 2319 952 2375 aliquem
971 2316 1137 2360 iniuste
1159 2321 1395 2362 necaverit.

270 2383 342 2425 So.
400 2384 560 2440 Quid?
590 2385 902 2438 hominemne,
928 2385 1227 2442 Euthyphro,
1257 2387 1347 2429 iam
1378 2389 1539 2431 audisti

161 2464 429 2506 quemquam
460 2454 800 2496 contendentem
831 2455 894 2507 ei,
935 2453 1010 2509 qui
1042 2453 1206 2496 iniuste
1236 2455 1436 2511 aliquem,
1457 2472 1538 2496 ne-

157 2526 296 2559 casset
329 2527 402 2562 aut
431 2519 550 2562 aliud
584 2519 695 2576 quid
717 2522 880 2565 iniuste
912 2521 1109 2574 fecisset,
1138 2537 1302 2579 poenas
1327 2539 1420 2565 non
1446 2538 1538 2564 esse

158 2582 354 2626 dandas?
