1734 2872
589 158 1057 209 THEAGJJS.
1396 175 1489 215 403

120 297 190 332 tos
210 288 300 332 iam
319 279 612 342 summosque
629 281 979 328 Atheniensibus
995 283 1170 341 gessisti‘
1192 277 1494 344 magistratus,

107 365 160 400 et
192 355 363 398 honore
396 354 450 396 ab
481 349 772 408 Anagyrasiis
800 350 1096 408 popularibus
1114 350 1246 410 longe
1268 354 1491 413 amplissi-

115 430 194 465 mo
222 421 396 463 ornaris
427 428 473 462 et
501 433 528 461 a
548 416 734 478 reliqua
761 417 942 460 civitate
968 416 1032 460 ita
1053 418 1212 461 colelis
1234 428 1286 462 ut
1306 421 1419 464 nulli
1442 434 1495 466 ea

115 490 165 533 in
184 495 236 532 're
249 489 409 542 cedas·
435 487 486 531 in
506 497 582 528 me
602 498 714 531 vero
733 493 897 528 neute1
916 491 1115 529 vestrum
1142 485 1230 529 tale
1250 487 1358 544 quid
1386 504 1496 532 con-

114 555 262 614 spicit·
300 554 495 608 ssdeinde,
547 553 587 596 si
629 551 835 595 civilium
874 550 1081 596 virorum
1126 554 1496 599 consuetudinem

115 623 318 680 Theages
335 622 410 665 hic
428 619 678 664 contemnit
698 626 743 662 et
761 618 872 661 alios
896 620 1085 675 quaerit,
1102 618 1180 677 qui
1202 620 1496 683 seinstituer'e

113 704 244 748 posse
281 688 594 747 profiteantur‘
626 686 839 737 iuvenes,
889 694 993 729 sunt
1033 685 1107 729 hic
1134 688 1350 730 Prodicus
1378 689 1496 732 Ceus

116 765 162 800 et
180 756 369 812 Gorgias
390 755 636 801 Leontinus
649 759 702 797 'et
719 754 854 796 Polus
868 752 1190 810 Agrigentinus
1212 764 1256 798 et
1278 754 1355 797 alii
1367 757 1496 798 mul-⁴

114 823 174 876 ti,
210 824 287 880 qui
318 832 410 867 tam
438 820 659 880 sapientes
685 827 788 863 sunt
811 828 859 863 ut
875 820 1009 862 urbes
1030 820 1361 865 circumeuntes
1384 838 1496 880 per-

114 891 329 934 suadeant
351 889 568 933 iuvenum
591 885 943 947 generosissimis
964 902 1014 930 ac
1046 884 1299 940 ditissimis,
1333 891 1496 946 quibus

113 958 218 1002 licet
261 957 545 1015 quocumque
577 956 719 999 velint
749 953 918 1014 civium
947 952 1084 1012 gratis
1108 955 1202 1008 uti,
1247 954 1318 997 his
1356 957 1495 1013 igitur

114 1025 411 1084 persuadeant
447 1029 500 1067 ut
542 1021 729 1065 illorum
764 1023 1136 1064 consuetudinem
1185 1020 1517 1078 relinquentes>

115 1108 221 1135 cum
250 1090 358 1151 ipsis
393 1094 655 1143 versentur,
690 1089 879 1146 insuper
906 1088 1010 1132 satis
1041 1088 1237 1132 multum
1274 1087 1496 1146 pecuniae

114 1161 370 1203 mercedem
401 1155 646 1208 solventes,
684 1161 991 1215 etjp‘raeterea
1018 1155 1180 1213 gratias
1209 1154 1319 1214 ipsis
1347 1163 1499 1212 agant:

115 1241 174 1269 ex
206 1225 276 1268 ln‘s
307 1224 543 1283 oportebat
576 1224 747 1280 aliquos
776 1223 950 1280 'eligere
970 1221 1116 1265 filium
1139 1230 1270 1265 tuum
1291 1228 1335 1264 et
1353 1229 1398 1263 te
1419 1222 1495 1279 ip·-

114 1306 239 1344 sum,
273 1306 354 1339 ,me
381 1304 493 1334 vero
519 1304 608 1332 non
628 1290 950 1342 conveniebat3
983 1288 1153 1332 nullam
1175 1289 1296 1330 enim
1316 1288 1496 1331 divina-

113 1373 218 1404 rum
236 1357 417 1401 illarum
433 1365 478 1399 et
489 1355 782 1414 pulchrarum
794 1354 1136 1414 disciplinarum
1144 1362 1276 1398 teneo
1291 1371 1304 1409 3
1335 1371 1495 1412 quam-

115 1442 247 1485 quam
267 1425 518 1485 pervelim3
549 1431 593 1467 at
613 1423 711 1467 dico
730 1425 864 1468 etiam
885 1435 1067 1479 semper
1085 1437 1161 1466 me
1182 1422 1295 1465 nihil
1320 1435 1496 1480 prope-J

115 1494 301 1537 modum
340 1493 454 1536 scire
484 1503 664 1550 praeter
694 1491 904 1549 exiguam
934 1489 1157 1547 quandam
1189 1490 1491 1547 disciplinam,

113 1576 266 1605 rerum
300 1560 635 1604 amatoriarum.
672 1557 787 1600 hanc
815 1573 927 1600 vero
947 1557 1226 1614 disciplinam
1248 1572 1359 1615 prae
1379 1574 1492 1615 quo—

114 1629 224 1672 libet
250 1628 461 1671 existimo
488 1641 564 1667 me
590 1633 869 1682 perspectam
897 1623 1063 1666 habere
1085 1633 1174 1668 tam
1199 1626 1492 1682 superiorum

115 1712 247 1753 quam
273 1708 430 1737 eorum
453 1692 532 1748 qui
552 1707 672 1734 nunc
694 1699 816 1734 sunt:

231 1762 339 1805 The·
395 1760 560 1812 Vides,
598 1774 624 1801 o
656 1767 811 1816 pater,
850 1756 1081 1800 Socratem
1112 1755 1231 1798 haud
1250 1772 1354 1800 sane
1375 1755 1492 1802 mihi

117 1827 263 1872 videri
283 1837 488 1886 paratum
510 1841 603 1868 esse
625 1826 679 1868 ad
703 1824 1071 1868 consuetudinem
1090 1838 1268 1867 mecum
1296 1824 1492 1883 iungen-

118 1898 249 1949 dam;
288 1909 390 1938 nam
421 1894 627 1950 equidem
663 1900 844 1951 paratus
870 1906 969 1935 sum
987 1922 1000 1944 ‚
1040 1891 1078 1933 si
1107 1888 1182 1933 hic
1203 1891 1325 1936 velit.
1359 1901 1403 1934 at
1419 1892 1492 1935 io-

118 1978 223 2006 cans
249 1959 295 2004 id
324 1961 451 2004 nobis
486 1960 617 2014 dicit3
657 1975 762 2002 nam
794 1958 902 2001 novi
932 1958 1185 2015 aequalium
1213 1971 1413 2000 meorum
1447 1965 1492 2003 et

116 2028 270 2089 paullo
292 2027 520 2071 seniorum
538 2027 733 2084 aliquos,
765 2026 866 2082 qui,
895 2033 1131 2080 antequam
1149 2025 1235 2066 hoc
1255 2025 1324 2066 usi
1346 2033 1490 2080 erant,

116 2097 322 2140 homines
334 2094 531 2151 ffueiunt
551 2093 705 2143 nihili,
736 2094 814 2135 ubi
843 2107 951 2134 vero
972 2098 1072 2134 cum
1096 2090 1181 2134 hoc
1203 2093 1364 2134 versati
1382 2101 1488 2137 sunt

118 2177 207 2208 non
237 2164 298 2206 ita
322 2162 460 2204 multo
481 2166 583 2217 post
601 2160 808 2203 omnibus
828 2158 1035 2203 meliores
1058 2173 1151 2200 sese
1173 2156 1489 2223 praebuenunt

119 2231 278 2289 quibus
299 2228 495 2273 deterim
499 2243 542 2269 es
562 2221 662 2270 fuel
652 2235 754 2270 ant.

231 2299 304 2341 So.
361 2296 488 2340 Nosti
511 2295 640 2351 quale
661 2294 776 2339 istud
800 2295 879 2348 sit,
909 2309 934 2335 ο
957 2291 1023 2335 fili
1042 2292 1323 2336 Demodoci?

236 2366 345 2409 The.
400 2363 520 2407 Novi
549 2361 724 2416 hercle,
772 2376 846 2404 me
886 2368 1088 2417 quoque}
1134 2360 1171 2402 si
1198 2369 1247 2404 tu
1275 2358 1492 2417 volueris}

121 2446 249 2491 posse
271 2432 405 2475 talem
427 2429 657 2479 exsistere,
691 2431 837 2485 quales
860 2426 927 2471 illi
951 2428 1132 2471 fuerint.

236 2498 304 2541 So.
359 2497 487 2550 Non,
522 2498 584 2540 mi
619 2497 758 2547 bone,
798 2494 871 2538 sed
908 2504 952 2538 te
980 2496 1086 2539 latet
1120 2497 1248 2552 quale
1277 2493 1394 2537 istud
1415 2493 1490 2543 siu

124 2580 206 2622 ego
228 2574 373 2609 autem
396 2566 477 2608 tibi
507 2564 663 2607 dicam.
685 2572 746 2606 est
769 2564 982 2620 quiddam
1008 2562 1207 2606 divinum
1230 2563 1348 2619 quod
1367 2561 1488 2603 divi-

123 2633 244 2676 nitus
268 2647 292 2676 a
316 2632 508 2692 pueritia
532 2632 645 2675 mihi
667 2631 914 2675 comitatur.
942 2639 1006 2673 est
1026 2646 1131 2673 vcro
1151 2629 1234 2672 hoc
1248 2644 1337 2672 vox
1361 2642 1485 2683 quae,

1083 2699 1116 2739 C
1130 2714 1151 2739 c
1180 2713 1203 2739 2
