1734 2872
523 150 612 200 m:
666 151 886 199 Lucu]
933 128 1384 202 ὀυ-ΡΙΜΤΑΤΕ·
1531 162 1637 221 135⁵

262 278 433 321 bonum
455 270 677 318 cibum'et
692 274 862 318 malum
885 287 1024 348 aeque
1042 280 1288 330 utrumque
1303 271 1454 334 eibum
1479 275 1640 332 appel-

233 342 374 396 -lem‚
410 343 505 388 ubi
519 341 847 400 mespondeam,
881 341 988 397 quia
1021 348 1215 417 uterque
1235 339 1425 382 siccum
1421 341 1636 402 corpmis

257 412 535 466 afimeutum
543 417 622 462 est,
644 408 810 452 iocilco
832 422 915 464 ego
934 408 998 450 ita
1015 406 1334 450 nomino.th
1353 406 1636 460 enimcibum

206 487 209 489 ’
259 495 352 523 esse
373 487 422 522 tu
449 488 627 535 quoque
648 473 747 518 sine
779 474 917 517 dubio
944 474 1246 528 consensa-133
1275 474 1459 518 nonne?

368 544 483 599 Am.
528 552 724 596 Etiams
1499 592 1502 595 Α

370 631 443 676 So.
499 630 566 674 Ac
585 626 640 670 de
662 635 775 685 potu
797 625 952 670 eadem
975 626 1062 671 erit
1074 626 1376 685 respondendi
1391 626 1523 679 ratic,
1544 619 1645 670 hu-—⁸

257 689 389 757 midos
411 697 616 756 corporis
642 695 878 748 alimento,
913 695 1010 738 sive
1038 695 1211 738 bonum
1239 697 1335 738 sive
1365 695 1535 737 malum
1557 703 1636 743 est,

257 774 390 824 potus
420 779 590 809 nomen
621 777 715 806 esse
726 761 999 820 ⁴impositum
1012 794 1025 815 ,
1064 772 1108 806 et
1131 764 1187 805 de
1208 763 1391 820 reliquis
1415 763 1638 818 similiter,

258 848 419 877 conane
442 833 582 890 igilur
603 845 678 874 me
699 831 762 873 sic
781 829 1127 888 respondentem
1149 830 1333 876 imitari.
1374 829 1542 872 bonum
1563 830 1639 871 lu-

259 917 387 944 crum
413 909 458 943 et
473 915 667 958 ptavum
684 899 863 940 lucrum
884 912 988 940 cum
1012 898 1074 941 ais
1085 898 1518 953 utrumquelucrum
1530 912 1652 951 esse,x

259 969 377 1026 quid
399 967 516 1011 idem
546 968 595 1010 in
629 966 718 1010 illis
745 965 1024 1023 conspiciens
1046 964 1130 1006 hoc
1153 979 1332 1020 quoque
1352 965 1528 1008 lucrum
1554 979 1637 1007 vo-

223 1035 233 1041 ’
260 1036 365 1078 cas?
392 1034 549 1092 quodsi
577 1034 675 1091 ipse
711 1047 802 1075 non
823 1030 959 1074 habes
981 1031 1099 1089 quod
1122 1030 1418 1088 respondeas,
1448 1047 1522 1074 me
1543 1033 1638 1074 iam

261 1104 435 1146 dicente
463 1101 710 1144 considera.
747 1100 986 1142 lucrumne
1013 1099 1121 1142 dicis
1150 1113 1285 1141 omne
1305 1099 1424 1155 quod
1445 1100 1639 1156 quis'ac-

260 1171 422 1227 quirat,
449 1170 510 1211 ita
531 1177 580 1211 ut
603 1170 676 1211 vel
697 1166 813 1210 nihil
830 1165 1098 1225 impendens
1119 1166 1194 1209 vel
1208 1166 1359 1208 minus
1369 1167 1636 1225 impendens

258 1240 360 1295 plus
379 1236 602 1293 accipiat?

367 1311 476 1354 Am.
533 1309 651 1354 Mihi
671 1324 776 1352 sane
796 1308 944 1368 placet
964 1307 1051 1351 hoc
1074 1307 1223 1352 dicere
1245 1308 1436 1354 lucrum.

370 1389 439 1431 So.
496 1386 618 1430 Num
651 1386 786 1430 etiam
815 1384 900 1428 hoc
930 1383 1065 1438 dicis,
1101 1386 1139 1428 si
1160 1386 1259 1443 quis
1285 1387 1494 1444 epulans,
1521 1386 1638 1430 nihil

259 1454 547 1516 impendens,
574 1455 650 1497 sed
672 1453 880 1497 convivio
903 1461 1140 1511 exceptus,
1173 1452 1382 1495 morbum
1403 1454 1636 1511 acquirat?

366 1532 474 1576 Am.
536 1531 888 1588 Haudquaquam
912 1528 1080 1572 hercle.

371 1608 442 1651 So.
498 1607 742 1650 Sanitatem
778 1619 888 1648 vero
930 1606 1164 1663 acquirens
1203 1605 1424 1664 epulando
1455 1606 1634 1650 lucrum

258 1677 481 1734 acquiret,
509 1690 563 1717 an
590 1674 836 1717 damnum?

369 1751 473 1795 Am.
527 1751 744 1794 Lucrum.

371 1828 442 1870 So.
498 1827 602 1869 Non
627 1842 734 1885 ergo
758 1825 846 1868 hoc
868 1833 933 1870 est
958 1824 1161 1879 lucrum,
1189 1839 1518 1883 quamcumque
1535 1839 1634 1868 rem

263 1909 507 1951 acqmrere.
843 1909 848 1916 ·

374 1971 478 2013 Am.
534 1956 726 2012 Minium
745 1983 873 2013 vero.
1227 2018 1231 2021 ξ

376 2046 447 2091 So.
506 2045 669 2089 Utrum
691 2045 830 2102 igitur
849 2045 1027 2087 lucrum
1050 2058 1142 2086 non
1164 2041 1454 2100 adipiscetur,
1493 2059 1635 2102 quum.

263 2116 431 2157 malum
470 2122 545 2156 aut
584 2128 666 2156 nec
699 2121 796 2155 tum
827 2126 967 2168 quum
996 2110 1223 2168 quodlibet
1250 2111 1416 2155 bonum
1450 2114 1634 2171 adeptus

265 2181 434 2223 fuerit?
1432 2224 1436 2233 .

375 2257 479 2299 Am.
538 2257 686 2308 Patet,
716 2269 856 2313 quum
875 2253 1047 2298 bonum
1070 2254 1252 2313 adeptus
1273 2255 1423 2302 fuerit.
1500 2313 1508 2321 .

378 2334 452 2378 So.
506 2333 575 2378 Sit.
597 2334 791 2383 malum,
827 2346 979 2375 nonne
1002 2333 1215 2376 damnum
1237 2332 1455 2391 accipiet?

377 2410 483 2451 Am.
542 2410 656 2452 Mihi
684 2425 788 2452 sane
808 2409 997 2452 videtur.

380 2486 454 2526 So.
511 2486 674 2530 Viden’
708 2486 845 2541 igitur
877 2484 1100 2541 quomodo
1130 2499 1284 2528 rursus
1307 2485 1462 2528 eodem
1483 2483 1636 2526 revol-

271 2565 379 2593 vare
390 2553 411 2593 ’Β
440 2553 615 2595 lucrum
639 2555 805 2605 bonum
824 2553 936 2596 viden
951 2570 1000 2594 αι’
1015 2586 1023 2595 .
1058 2553 1269 2596 damnum
1294 2569 1403 2596 vero
1423 2553 1607 2594 malum.

382 2626 487 2668 Am.
544 2629 703 2672 Nescio
725 2628 930 2687 equidem
957 2630 1063 2686 quid
1083 2631 1239 2672 dicam.

1279 2697 1311 2737 'A
1346 2711 1368 2736 2
