1696 2898
703 180 1013 223 LYsls.
1207 219 1217 226 ..
1348 176 1516 228 '⁵81

159 300 457 346 meministis?
495 298 789 344 Meminimus
807 315 932 347 vero.
974 300 1098 358 Quid
1118 300 1256 360 igitur
1274 301 1365 346 ism
1386 299 1527 354 faeie-

160 385 262 413 mus
284 368 520 413 oratione'?
550 383 607 410 an
624 374 747 424 patet
767 366 882 411 nihil
900 383 982 411 nos
1002 367 1151 411 facere
1171 383 1302 426 posse
1317 367 1340 412 ?
1383 367 1526 412 Nihil.

162 438 290 494 Opus
311 436 448 494 igitur
468 443 546 487 est,
569 434 615 477 id
631 434 752 491 quod
773 433 944 476 faciunt
958 433 1074 478 docti
1091 435 1140 478 in
1162 434 1353 488 iudiciis,
1378 436 1529 479 omnia

162 503 278 545 dicta
301 501 557 546 summatim
579 508 798 558 repetere.
838 517 940 544 nam
972 503 1010 544 si
1041 516 1186 559 neque
1217 501 1530 560 qui'amantur

158 583 306 624 neque
333 569 412 624 qui
431 575 581 609 amant
600 583 746 624 neque
773 569 938 612 similes
958 583 1104 625 neque
1127 568 1362 614 dissimiles
1382 586 1529 629 neque

159 635 268 678 boni
301 648 448 691 neque
478 633 655 691 proprii
676 649 822 691 neque
847 636 1011 693 reliqui
1042 651 1151 693 quos
1172 639 1528 683 enumeravimus

161 705 328 759 (neque
351 703 474 744 enim
501 702 592 744 iam
612 699 798 744 memini
819 709 1007 760 propter
1033 704 1413 759 multitudinem),
1451 706 1529 750 sed

161 770 199 812 si
220 769 333 812 nihil
353 769 520 812 horum
554 769 750 812 amicum
776 776 864 822 est,
904 768 1110 826 equidem
1137 770 1229 815 iam
1257 786 1351 815 non
1386 772 1528 818 habeo

160 836 267 894 quid
292 837 449 881 dicam·

279 902 410 961 Quae
438 917 575 960 quum
608 902 820 946 dixissem
851 902 991 948 alium
1022 904 1113 948 iam
1144 920 1279 964 quem
1300 908 1530 953 seniorum

161 971 212 1014 in
234 972 386 1016 animo
405 970 623 1014 habebam
654 971 865 1015 excitare.
895 979 991 1014 tum
1007 987 1133 1026 vero,
1158 979 1387 1031 tamquam
1407 977 1530 1033 genii

159 1039 294 1091 mali,
321 1039 574 1082 accedentes
595 1039 860 1096 paedagogi,
886 1039 1132 1083 Menexeni
1155 1047 1200 1082 et
1217 1041 1415 1099 Lysidis,
1439 1058 1531 1086 una

163 1123 267 1150 cum
295 1123 454 1151 eorum
483 1106 699 1150 fratribus
728 1108 1012 1164 appellarunt
1030 1114 1074 1149 et
1093 1107 1320 1153 iusserunt
1350 1125 1425 1153 eos
1443 1111 1529 1154 do-

162 1191 291 1219 mum
314 1176 454 1228 abire,
482 1174 574 1218 iam
596 1175 718 1218 enim
735 1189 883 1217 serum
897 1173 984 1216 diei
1003 1182 1110 1217 erat.
1136 1189 1187 1217 ac
1201 1176 1402 1234 primum
1424 1178 1528 1235 qui-

163 1244 268 1287 dem
290 1252 335 1287 et
355 1259 436 1286 nos
459 1251 504 1286 et
524 1245 857 1285 circumstantes
883 1242 1105 1300 repellere
1135 1257 1210 1285 eos
1233 1244 1530 1299 conabamur3

163 1326 304 1367 quum
336 1326 444 1353 vero
477 1309 593 1352 nihil
620 1325 699 1352 nos
730 1316 962 1360 curarent,
992 1308 1069 1352 sed
1089 1309 1278 1354 barbare
1298 1312 1530 1369 loquentes

164 1377 535 1434 indignarentur,
563 1376 705 1419 nihilo
725 1371 875 1419 minus
897 1387 1131 1433 vocarent,
1160 1380 1377 1438 nobisque
1401 1378 1531 1423 vide-

165 1453 326 1489 rentur
354 1445 466 1486 bene
494 1442 590 1501 poti
617 1442 848 1486 Hermaeis
876 1459 969 1487 non
992 1445 1211 1490 eiusmodi
1232 1462 1325 1490 esse
1346 1447 1533 1504 quibus-

166 1527 270 1557 cum
288 1511 420 1555 facile
444 1513 515 1566 agi
534 1517 694 1565 posset,
724 1507 926 1549 cedentes
944 1508 1225 1555 dissolvimus
1245 1514 1528 1572 colloquium.

165 1588 361 1623 attamen
375 1590 454 1631 ego
465 1574 555 1616 iam
574 1571 836 1615 abeuntibus
850 1571 950 1615 illis.
975 1574 1018 1617 N
1021 1589 1109 1617 unc
1124 1576 1320 1633 quidem,
1333 1579 1531 1636 inquam,

163 1645 276 1703 Lysi
296 1653 340 1687 et
360 1644 639 1689 Menexene,
669 1638 878 1682 ridiculos
907 1655 988 1683 nos
1019 1642 1307 1687 exhibuimus
1327 1659 1430 1702 ego,
1456 1647 1530 1689 vir

166 1723 274 1758 natu
295 1710 473 1770 grandis
486 1742 499 1764 ‚
519 1704 571 1751 'et
588 1722 693 1761 vos3
721 1705 869 1750 dicent
895 1708 1016 1751 enim
1036 1708 1086 1753 hi
1109 1709 1319 1755 abeuntes
1337 1726 1417 1755 nos
1437 1727 1528 1770 pu-

167 1792 262 1826 tare
281 1778 444 1823 amicos
469 1778 588 1821 inter
604 1790 686 1818 nos
710 1789 804 1816 esse
828 1777 924 1828 (me
947 1777 1068 1820 enim
1092 1778 1217 1822 vobis
1241 1781 1527 1838 annumero),

167 1847 370 1894 nondum
390 1861 499 1894 vero
520 1845 628 1905 quid
656 1842 715 1888 sit
733 1841 902 1885 amicus
918 1843 1116 1901 potuisse
1133 1846 1353 1901 invenire,
