1734 2872
388 110 478 150 DE
531 105 751 149 LUCRI
813 105 1265 163 cUPIDI'rATE.
1423 112 1574 151 359&

243 226 315 271 So.
362 225 671 270 Meministine
680 222 800 265 unde
813 235 988 280 egressa
1001 223 1131 267 nobis
1140 224 1198 268 sit
1206 222 1318 266 haec
1330 222 1470 267 oratio
1487 223 1508 265 ‘3

241 291 727 353 Am-Opin01·sane.

238 349 315 404 80.
371 360 454 404 Sin
486 360 662 409 minus,
701 370 784 414 ego
816 356 935 399 tibi
920 371 970 399 m
990 357 1257 400 memoriam
1279 355 1506 418 redutssm.

133 427 422 470 contendebas
456 426 570 470 mihi
602 426 743 468 bonos
775 439 870 467 non
892 425 1045 469 omnia
1065 425 1182 467 velle
1201 424 1328 469 lucra
1345 419 1507 486 facere,

131 494 206 537 sed
233 494 372 548 bona,
402 509 496 538 non
515 493 644 537 mala.

221 562 345 618 Am.
408 561 572 608 Etiam.

242 628 318 671 So.
373 628 535 672 Nonne
564 642 687 672 nunc
706 629 858 674 omnia
883 628 1010 672 lucra
1031 626 1172 670 oratio
1191 642 1274 670 nos
1296 626 1442 698 coEgit
1461 638 1506 674 et

130 704 270 754 parva
294 703 338 739 et
364 711 525 754 magna
542 695 788 740 concedere
811 697 929 740 bona
949 696 1076 738 esse?

242 763 350 808 Am·
406 762 568 824 Co'e'git
585 778 719 819 sane,
740 763 948 815 Socrate,
983 762 1125 821 magis
1145 777 1221 807 me
1241 779 1376 822 quam
1395 779 1506 823 per-

131 831 280 875 suasit.

240 899 312 943 So.
369 899 432 943 At
460 897 650 942 fortasse
679 900 843 943 deinde
871 899 1006 944 etiam
1046 897 1343 952 persuadebit.
1380 914 1503 942 nunc

130 981 265 1017 vero,
306 965 402 1008 sive
433 979 672 1023 persuasus
703 981 749 1010 es
776 969 872 1010 sive
904 966 1324 1023 quomodocumque
1355 973 1399 1008 te
1419 966 1503 1012 ha-

129 1033 232 1083 bes,
275 1031 500 1075 consentis
532 1041 653 1079 certe
678 1034 812 1079 nobis
850 1034 1002 1077 omnia
1019 1034 1146 1075 lucra
1162 1030 1282 1076 bona
1300 1046 1416 1083 esse,
1457 1039 1502 1074 et

128 1115 268 1158 parva
289 1100 338 1142 et*
354 1114 531 1156 magna.
578 1136 580 1138 ,
732 1093 736 1097 ’
1369 1107 1375 1116 ³

239 1166 345 1208 Am.
403 1166 613 1209 Concedo
634 1183 751 1211 sane.

237 1233 310 1276 So.
368 1233 516 1277 Bonos
543 1230 661 1279 vero'
673 1234 879 1279 homines
899 1233 1014 1279 velle
1033 1234 1155 1278 bona
1174 1231 1380 1277 concedis
1401 1245 1501 1276 om-

129 1301 204 1343 nia
221 1314 401 1353 omne-*13
428 1301 611 1345 nonne?

237 1367 344 1412 Am.
399 1367 625 1411 Concedo.

238 1434 311 1477 So.
367 1432 463 1479 Iam
485 1450 596 1479 vero
616 1436 760 1480 malos
773 1435 1062 1495 ipsebdicebas
1081 1443 1125 1478 et
1136 1448 1276 1493 parva
1289 1442 1500 1491 etmagna

129 1501 254 1543 lucra
271 1501 605 1559 concupiscere,

235 1569 342 1611 Am.
398 1569 627 1614 Dicebam.

239 1637 311 1679 So.
365 1637 530 1680 Nonne
559 1636 698 1693 igitur
720 1649 779 1677 ex
798 1643 875 1679 tua
896 1633 1097 1679 oratione
1119 1649 1275 1678 omnes
1294 1634 1500 1678 homines

127 1703 331 1746 lucrandi
356 1703 508 1761 cupidi
530 1712 688 1756 erunt,
714 1711 808 1746 tam
828 1703 963 1760 probi
986 1718 1121 1760 quam
1139 1702 1373 1761 improbi?

237 1771 346 1813 Am.
402 1771 608 1816 Videtur.

242 1839 312 1880 So.
366 1838 488 1895 Ergo
523 1854 615 1880 non
640 1846 762 1880 recte
791 1837 994 1894 increpat
1022 1836 1058 1879 si
1079 1836 1178 1893 quis
1198 1835 1399 1892 lucrandi
1420 1851 1502 1878 cu-

131 1904 362 1961 piditatem
391 1905 576 1948 alicuius
595 1904 823 1963 increpat3
867 1914 933 1948 est
953 1905 1075 1947 enim
1097 1903 1174 1963 qui
1193 1903 1278 1947 hoc
1299 1905 1502 1960 increpat

132 1970 228 2028 ipse
257 1969 368 2013 talis.
