1696 2898
588 225 885 273 LYsls.
1187 199 1193 201 ξ
1324 230 1420 269 εστ

49 355 192 411 igitur
211 349 472 400 vaticinam,
499 345 692 405 pulchro
708 357 762 390 ac
781 343 900 399 hono
917 341 1116 392 amicum
1137 355 1231 385 esse
1249 340 1297 385 id
1306 341 1429 399 quod

51 435 200 478 neque
226 419 398 465 bonnm
431 428 577 471 neque
607 413 774 458 malum
807 411 879 458 sit.
917 424 1133 467 quorsum
1159 409 1246 457 hoe
1269 409 1434 454 vatici-3

55 502 173 534 nans,
191 485 353 538 dicam,
379 482 499 527 audi.
527 480 741 531 videnqu
759 477 875 526 mihi
893 478 1017 535 quasi
1033 478 1121 522 tria
1133 486 1227 521 esse
1240 487 1432 533 'genez-a,⁴

56 536 200 598 unum
219 543 413 601 bonum„
455 550 648 592 alterum
669 545 840 588 malum
872 554 914 589 et
931 547 1117 604 tertium
1142 545 1260 602 quod
1287 561 1439 603 nequa

56 623 230 667 bonum
264 632 410 675 neque
438 615 609 659 malum
643 613 735 663 sit..
759 612 868 669 quid
900 613 1019 661 tibi?
1092 612 1210 657 Mihi
1242 628 1441 670 quoque‚3

55 688 223 745 inquit.
278 686 340 730 Et
359 698 504 740 neque
523 683 698 725 bonum
716 681 836 725 bono
856 696 1001 739 neque
1025 682 1195 724 malum
1214 682 1332 724 malo
1351 697 1437 724 ne-

60 771 148 814 que
179 754 348 797 bonum
391 751 510 794 malo
547 749 743 796 amioum
780 764 900 802 esse,
953 748 1328 809 quemadmodum
1355 765 1441 803 neo

61 821 268 881 superior
286 818 509 878 permittit
530 818 684 862 oratio.
711 816 981 873 relinquitur
1014 816 1154 874 igitur
1181 826 1246 871 ut,
1273 818 1311 860 si
1331 817 1446 874 quid

64 891 137 935 cui
161 888 359 934 amicum
388 888 468 940 sit,
505 886 554 930 id
585 884 706 943 quod
734 899 879 941 neque
896 883 1067 927 bonum
1098 896 1245 942 neque
1270 886 1448 929 malum·

64 958 122 1002 sit
139 957 335 1001 amicum
356 956 416 999 sit
441 955 516 998 vel
533 954 650 997 bono
670 952 843 998 veltali
865 951 991 1009 quale
1011 951 1165 1010 ipsum
1183 953 1241 997 sit
1249 969 1263 1008 3
1300 969 1450 1011 neque

69 1025 191 1068 enim
223 1024 343 1067 malo
385 1023 583 1066 amicum
625 1021 863 1078 quicquam
902 1019 1001 1063 erit.
1076 1019 1214 1065 Vera.
1289 1022 1450 1080 Neque

69 1108 180 1136 vero
215 1091 363 1134 simile
402 1090 540 1134 simili
579 1089 780 1133 diximus
817 1087 977 1142 mod03
1024 1088 1207 1133 nonne?
1283 1089 1455 1141 Etiarm

70 1161 215 1218 Igitur
252 1173 345 1203 non
375 1159 463 1202 erit
494 1157 536 1200 ei
567 1158 686 1214 quod
718 1171 865 1214 neque
900 1154 1069 1200 bonum
1097 1171 1244 1214 neque
1278 1159 1452 1204 malum

73 1236 139 1270 est
166 1227 255 1271 tale
287 1228 413 1284 quale
445 1228 595 1283 ipsum
629 1234 695 1269 est
723 1225 935 1269 amicum.
1013 1225 1145 1279 Non,
1185 1235 1232 1270 ut
1261 1225 1452 1270 videtur.

74 1295 286 1352 Sequitur
309 1309 415 1351 ergo
428 1292 546 1335 bono
566 1291 612 1335 id
626 1293 745 1350 quod
766 1308 912 1350 neque
928 1294 1096 1337 bonum
1116 1308 1263 1352 neque
1281 1295 1453 1340 malum

77 1363 135 1406 sit
161 1362 248 1407 ,soli
287 1365 431 1406 solum
473 1378 568 1406 esse
595 1361 805 1405 amicum.
880 1361 1071 1404 Necesse
1101 1370 1190 1413 est,
1241 1371 1290 1406 ut
1319 1373 1457 1422 patet.

77 1429 246 1472 Nonne,
264 1430 400 1472 etiam
415 1438 565 1480 recte,
599 1429 809 1485 inquam,
840 1443 867 1470 o
888 1431 1046 1486 pueri,
1075 1430 1197 1473 ducit
1229 1444 1310 1473 nos
1329 1431 1458 1488 'quod

81 1496 217 1546 modo
242 1497 477 1555 prolatum
488 1497 587 1539 est?
613 1505 736 1539 certe
755 1496 792 1539 si
812 1497 1022 1540 volumus
1041 1504 1270 1553 reputare,
1298 1514 1463 1558 corpus

82 1579 242 1607 sanum
272 1579 364 1608 non
390 1564 563 1620 indiget
590 1563 814 1605 medicina
845 1577 929 1604 nee
963 1563 1137 1606 auxilio
1148 1580 1163 1617 3
1201 1565 1305 1608 satis
1338 1568 1462 1611 enim

83 1631 233 1683 habet,
262 1641 313 1674 ut
333 1645 468 1673 nemo
490 1644 619 1670 sanus
646 1627 822 1670 medico
849 1627 1019 1670 amicus
1045 1629 1102 1672 sit
1130 1641 1319 1690 propter
1340 1636 1465 1678 sani-

87 1707 250 1750 tatem3
279 1696 460 1739 nonne?
516 1694 675 1737 Nemo.
731 1694 791 1738 At
808 1703 1052 1751 aegrotans,
1081 1696 1258 1754 opinor,
1276 1711 1467 1760 propter

89 1764 314 1807 morbum.
373 1761 578 1820 Quidni?
636 1761 828 1805 Morbus
854 1777 964 1806 vero
986 1763 1155 1807 malum
1178 1773 1267 1819 est,
1304 1776 1349 1812 et
1367 1784 1471 1811 me..

95 1831 240 1874 dicina
269 1830 391 1873 utilis
425 1844 475 1872 ac
522 1830 654 1876 bona.
732 1828 897 1875 Etiam.
967 1829 1145 1889 Corpus
1181 1842 1330 1878 autem
1359 1851 1472 1894 pro*

93 1906 250 1956 pterea
282 1897 400 1954 quod
431 1913 591 1954 corpus
630 1905 694 1940 est
724 1910 875 1954 neque
902 1897 1072 1942 bonum
1108 1914 1254 1957 neque
1282 1905 1468 1949 malum.

98 1965 178 2009 Ita.
255 1965 443 2022 Cogitur
488 1980 597 2007 vero
637 1979 802 2021 corpus
842 1980 927 2023 per
954 1967 1166 2010 morbum
1199 1969 1470 2017 medicinam

99 2040 310 2090 appetere
342 2041 387 2076 et
421 2031 621 2088 diligere.
677 2032 870 2077 Videtur
914 2033 1040 2076 mihi.
1109 2034 1161 2079 Id
1185 2036 1324 2093 igitur
1352 2039 1475 2095 quod

100 2115 247 2157 neque
281 2100 451 2142 malum
479 2114 624 2156 neque
652 2099 823 2143 bonum
858 2108 925 2143 est
951 2101 1145 2146 amicum
1182 2102 1236 2157 fit
1263 2103 1383 2148 bono
1412 2107 1470 2151 oh

103 2166 208 2209 mali
236 2170 548 2224 praesentiam.
603 2168 811 2212 Videtur.
867 2168 992 2212 Patet
1015 2177 1167 2212 autem
1200 2170 1246 2213 id
1271 2171 1371 2215 fieri
1391 2188 1474 2217 an-

105 2243 282 2291 tequam
301 2234 448 2292 ipsum
470 2234 675 2278 effectum
697 2235 755 2279 sit
773 2235 942 2286 malum
961 2251 987 2278 a
1011 2237 1130 2280 malo
1154 2239 1272 2294 quod
1291 2239 1476 2295 habeat;

107 2317 256 2360 neque
288 2302 408 2347 enim
437 2303 474 2345 si
505 2304 673 2346 malum
706 2303 927 2346 exstiterit
946 2303 1036 2346 iam
1060 2304 1227 2350 bouum
1250 2307 1476 2352 desidera-

109 2368 179 2411 bit
196 2369 326 2427 eique
357 2370 549 2413 amicum
573 2370 685 2422 erit3
723 2369 823 2413 fieri
851 2372 971 2414 enim
1002 2388 1090 2414 non
1122 2389 1253 2431 posse
1278 2374 1478 2419 diximus

112 2444 166 2478 ut
195 2437 361 2478 malum
391 2437 510 2479 bono
540 2437 598 2480 sit
625 2438 836 2482 amicum.
891 2437 1008 2482 Saue
1034 2441 1213 2497 quidem
1235 2457 1326 2485 non
1348 2458 1479 2501 posse

117 2502 333 2546 dlximus.
407 2504 695 2547 Considerate
725 2505 861 2561 igitur
902 2506 1019 2562 quod
1063 2508 1177 2551 dico.
1223 2509 1321 2551 dico
1357 2510 1479 2551 enim

119 2571 333 2612 nonnulla
360 2571 486 2627 quale
516 2572 574 2614 sit
597 2571 641 2613 id
667 2573 785 2628 quod
815 2572 1047 2617 adhaereat.
1067 2576 1169 2619 talia
1188 2575 1285 2634 ipsa
1303 2590 1479 2632 quoqne

124 2650 239 2683 esse,
270 2637 485 2696 nonnulla
501 2653 590 2680 non
613 2653 719 2681 esse.
749 2639 870 2683 velut
889 2640 926 2683 si
948 2640 1044 2696 quis
1067 2643 1176 2687 velit
1197 2644 1345 2686 colore
1367 2658 1482 2698 quo-

127 2702 227 2745 dam
249 2703 415 2761 aliquid
439 2704 625 2763 tingere,
650 2706 884 2752 adhaereat
904 2723 1008 2752 saue
1030 2709 1169 2754 ‚tincto
1186 2710 1233 2763 id
1254 2709 1372 2766 quod
1392 2710 1486 2754 illi-
