1734 2872
466 75 873 124 ὒΑΡοιῡῦῐιΑῐ
901 41 1254 121 soan'r-Is
1463 84 1546 123 ω’,

182 190 343 252 amieos
369 191 474 245 fnon
506 192 906 254 ulcisci,·‡›sslic'o
937 198 1050 251 sic,
1077 192 1557 256 'inquim‘morian

179 258 391 316 iniuriam
431 265 732 328 Persequutus
763 261 873 310 eins
897 266 974 323 qui
1004 265 1159 319 laesit,
1182 279 1254 308 me
1284 265 1559 310 deridendus

176 340 253 384 hic
268 351 479 380 maneam
508 332 799 380 curvasuad
828 347 1032 386 naves,
1071 333 1313 378 telluwi‘s
1335 329 1559 377 fin-utile

172 405 414 466 pondu-s.
462 402 685 461 numquid
711 400 850 446 illum
893 408 1025 460 putas
1068 415 1264 444 curasse·>
1281 408 1473 445 mortem
1508 413 1560 442 ac

173 474 460 534 periculum?
501 474 566 515 ita
599 470 734 513 enim'
746 483 821 512 res
836 477 907 512 est
925 470 1085 526 plane,
1117 469 1440 512 Athenienses:
1468 481 1559 523 qno

175 543 365 601 quisque
392 541 493 584 loco
524 554 572 582 se
598 539 699 596 ipse
727 536 1017 580 constituerit·
1042 535 1280 580 arbitratus
1309 535 1358 579 id
1395 534 1557 577 melius

175 612 257 653 sibi
289 625 406 661 esse,
444 608 517 651 vel
539 623 566 650 a
585 605 847 664 magistra-tu
877 604 1142 647 constitutus
1162 602 1330 654 fuerit,
1365 602 1431 646 ibi
1453 617 1560 646 eum

175 686 353 736 oportet
380 692 484 720 meo
517 674 688 718 iudicio
723 681 927 731 perstare
949 679 992 714 et
1015 671 1272 730 periculum
1295 671 1448 723 obire,
1485 670 1563 718 ni-

174 745 243 788 hil
276 759 360 789 nee
374 752 381 762 ²
397 752 594 788 mortem
634 755 783 799 neque
806 738 948 783 ,aliud
989 740 1235 796 quicquam
1273 746 1564 796 reputantem

172 828 286 872 prae
313 811 610 871 turpitudine.
649 807 861 867 quocirca
892 821 1056 864 magno
1087 823 1169 866 ego
1203 822 1343 866 opere
1361 821 1564 865 peccem,

174 880 493 932 Athenienses,
519 878 582 930 si,
612 891 753 934 quum
777 875 1034 919 statuissent
1051 891 1126 919 me
1147 875 1413 933 praefectia
1435 875 1564 918 vohis

175 963 279 990 cum
303 947 499 1005 imperio
525 946 575 988 in
603 959 679 989 me
706 942 846 987 creati
873 942 928 984 ad
958 943 1217 986 Potidaeam
1238 950 1283 993 et
1301 942 1471 1000 Amphi
1479 958 1565 1000 po·-

174 1014 241 1056 lin
274 1023 318 1058 et
347 1014 555 1064 Delium,
597 1020 699 1056 tum
726 1009 909 1067 quidem
939 1023 1030 1066 quo
1056 1011 1155 1052 loco
1188 1008 1258 1052 illi
1288 1009 1561 1063 statuissent,

173 1082 444 1132 manserim,
480 1082 597 1123 sicut
624 1076 771 1136 quivis
805 1077 943 1128 alius,
980 1084 1025 1119 et
1051 1076 1172 1119 vitae
1201 1077 1455 1135 periculum
1487 1095 1564 1122 su-

174 1149 364 1199 bierim,
399 1148 509 1190 deus
539 1162 651 1190 vero
681 1161 819 1203 quum
834 1176 846 1198 ,
886 1153 938 1188 ut
954 1144 1114 1202 putavi
1136 1153 1270 1201 atque
1288 1146 1337 1188 in
1360 1146 1565 1190 animum

172 1215 361 1268 induxi,
388 1231 464 1259 me
482 1214 688 1259 statuerit
707 1221 759 1256 ut
778 1212 982 1256 viverem
1008 1221 1251 1270 occupatus
1273 1213 1566 1272 insapientia

173 1282 428 1340 quaerenda
459 1283 509 1324 in
538 1296 704 1338 meque
733 1280 835 1338 ipso
868 1287 920 1322 et·
945 1280 1104 1322 ceteris
1138 1280 1460 1338 explorandis,
1488 1283 1565 1325 hic

172 1352 313 1410 igitur
341 1360 418 1395 aut
455 1350 614 1393 mortis
647 1357 722 1392 aut
740 1347 854 1390 alius
877 1345 1135 1404 cuiusquam
1157 1348 1228 1391 rei
1247 1357 1372 1392 metu
1395 1350 1450 1406 (ie
1470 1359 1564 1394 sta-

172 1419 296 1464 tione
329 1418 624 1463 discesserim.
662 1417 904 1475 indignum
933 1415 1142 1475 profecto
1163 1415 1304 1470 foret,
1334 1425 1380 1461 et
1398 1433 1563 1462 revera

172 1494 280 1530 tunc
313 1487 414 1530 iure
442 1500 518 1529 me
547 1485 711 1544 aliquis
746 1485 796 1528 in
830 1484 903 1528 ius
931 1491 1142 1537 vocaret,
1190 1483 1313 1541 quod
1340 1484 1444 1528 deos
1469 1501 1563 1529 esse

172 1570 268 1598 non
297 1554 551 1608 crederem,
588 1554 758 1612 quippe
796 1553 875 1610 qui
907 1552 1091 1595 oraculo
1116 1557 1295 1595 morem
1315 1567 1405 1596 non
1429 1570 1564 1612 gere-

171 1637 271 1666 rem
303 1629 589 1680 mortemque
616 1629 866 1665 metuerem
904 1629 949 1664 et
979 1621 1158 1679 sapiens
1183 1636 1278 1664 esse
1291 1621 1407 1665 mihi
1431 1623 1560 1666 vide-

170 1706 250 1734 rer
278 1705 416 1748 quum
443 1707 534 1735 non
555 1705 713 1734 essem.
753 1688 922 1733 etenim
943 1697 1139 1732 mortem
1162 1697 1387 1743 metuere,
1425 1691 1561 1743 cives,

169 1757 286 1800 nihil
316 1758 436 1802 aliud
468 1767 557 1807 est,
595 1772 732 1815 quam
763 1756 911 1802 videri
939 1756 1028 1800 sibi
1059 1756 1311 1815 sapientem
1351 1773 1469 1813 esse,
1509 1768 1562 1803 ut

171 1840 267 1868 non
292 1826 378 1880 sit3
416 1825 627 1869 arbitrari
649 1836 712 1870 est
733 1826 855 1870 enim
876 1840 972 1869 sese
989 1825 1105 1868 scire
1125 1839 1237 1882 quae
1255 1813 1438 1869 ne'sciat.
1475 1841 1561 1869 ne-

171 1904 253 1934 mo·
273 1892 394 1935 enim
414 1894 520 1950 quid
539 1910 663 1937 mors
683 1895 741 1939 sit
763 1894 892 1939 novit
906 1887 932 1947 ,’
953 1909 1013 1937 ne
1033 1893 1080 1936 id
1105 1893 1285 1950 quidem
1308 1908 1366 1936 an
1381 1893 1561 1938 homini

173 1958 233 2001 sit
265 1959 467 2003 omnium
492 1961 746 2005 maximum
780 1961 1030 2014 bonorum,
1080 1961 1158 2003 sed
1193 1963 1402 2003 metuunt
1434 1960 1563 2017 quasi

171 2023 315 2085 probe
333 2025 474 2069 sciant
489 2027 743 2070 maximum
768 2031 993 2071 malorum
1014 2042 1122 2070 esse.
1153 2035 1285 2083 atque
1305 2026 1391 2069 hoc
1405 2043 1560 2072 nonne

168 2094 494 2152 ignominiosae
515 2093 636 2136 illius
657 2102 722 2136 est
739 2094 941 2136 inscitiae
961 2093 1169 2136 arbitrari
1189 2109 1286 2136 sese
1311 2095 1428 2138 scire
1445 2111 1558 2154 quae

169 2161 371 2204 nesciat?
408 2176 489 2218 ego
512 2169 684 2212 autem,
714 2162 859 2211 cives,
895 2160 980 2204 hac
999 2176 1050 2203 re
1073 2160 1262 2204 fortasse
1282 2161 1357 2205 hic
1378 2178 1558 2222 quoque

168 2228 303 2286 volgo
329 2237 532 2287 praesto,
566 2238 610 2272 et
641 2228 679 2271 si
706 2228 754 2272 in
773 2229 920 2286 aliqua
940 2243 992 2272 re
1009 2243 1083 2271 me
1100 2228 1419 2287 sapientiorem
1441 2247 1558 2289 quo-

168 2310 303 2352 quam
332 2295 554 2350 dixerim,
593 2297 643 2340 in
664 2297 752 2339 hoe
769 2297 996 2350 dixerim,
1033 2297 1179 2353 quod,
1213 2313 1350 2354 quum
1377 2315 1467 2342 non
1481 2316 1555 2342 sa-

169 2363 228 2404 tis
259 2363 396 2408 sciam
427 2364 482 2407 de
511 2365 647 2408 rebus
678 2379 792 2423 quae
819 2374 922 2408 sunt
943 2365 1061 2423 apud
1086 2363 1282 2420 inferos,
1321 2367 1458 2411 etiam
1480 2367 1556 2410 vi-

171 2429 279 2472 deor
309 2431 423 2474 mihi
442 2432 558 2475 nihil
580 2434 707 2476 scire.
749 2441 793 2477 at
812 2434 976 2477 iniusta
995 2432 1143 2476 facere
1164 2447 1248 2475 nec
1266 2450 1429 2494 parere
1450 2450 1553 2478 me-

168 2496 298 2549 liori,
337 2499 432 2542 sive
460 2499 541 2542 deo
573 2502 668 2543 sive
703 2500 903 2554 homini,
951 2499 1000 2543 id
1034 2500 1208 2543 malum
1231 2508 1274 2543 et
1302 2511 1437 2561 turpe
1461 2517 1555 2544 esse

170 2564 275 2608 scio.
332 2581 442 2623 prae
473 2568 601 2612 malis
635 2567 773 2626 igitur
807 2583 920 2627 quae
949 2568 1067 2612 mala
1090 2582 1183 2612 esse
1207 2569 1324 2623 scio,
1368 2585 1417 2612 ea
1440 2584 1554 2626 quae
