1734 2872
531 113 917 157 -CRITQ
1276 105 1452 152 ’,173

94 246 208 294 bam,
232 253 384 283 earum
408 235 689 295 opinionum,
711 247 818 290 quas
830 229 1036 273 hom-ines
1046 227 1334 287 susceperint,
1354 226 1459 271 alias

92 308 276 370 plurimi
305 305 528 348 faciendas
555 304 672 352 esse,
703 299 809 341 alias
841 306 989 341 autem
1009 297 1156 340 nihili.
1200 298 1290 354 pet?
1314 309 1395 353 ego
1415 305 1459 338 te

95 380 195 421 deos
226 390 334 427 oro,
371 372 519 424 Crito,
560 382 708 424 annon
737 364 820 409 tibi
848 365 894 406 id
915 373 1036 406 recte
1054 364 1233 408 videtur
1257 363 1375 407 dici?
1404 373 1462 408 ¹tu

94 447 209 488 enim
230 449 447 500 quantum
468 438 523 479 de
541 436 675 479 rebus
694 433 902 476 humanis
923 431 1055 474 statui
1077 440 1251 488 potest,
1289 446 1381 474 non
1411 432 1464 477 in

90 510 292 571 periculo
325 505 518 551 versaris
549 519 645 547 cras
674 499 920 551 moriendi,
960 514 1044 542 nec
1065 498 1271 542 fraudem
1289 499 1370 542 tibi
1391 496 1467 541 fa·-

39 577 41 579 ’
91 594 192 623 cere
219 589 428 635 praesens
459 579 607 630 potest
623 570 824 613 fortuna.
864 582 1001 624 quare
1024 567 1466 609 considera2'.annon

92 644 383 704 probabiliter
404 640 482 683 tibi
501 637 588 680 diei
608 637 801 688 videtur,
830 651 921 678 non
941 649 1096 677 omnes
1109 633 1348 676 hominum
1365 634 1468 692 opi—

93 715 249 756 niones
271 725 364 754 esse
381 705 535 764 magni
556 704 863 754 aestimandas,
889 703 966 746 sed
987 702 1094 744 alias
1116 716 1209 742 esse
1227 701 1467 743 aestiman-

96 783 195 833 das,
223 779 328 835 alias
345 791 439 819 non
459 774 584 817 esse?
610 787 755 829 neque
774 772 994 819 omnium,
1016 770 1091 812 sed
1102 770 1358 826 aliquorum
1371 777 1470 828 tan-

95 859 216 901 mm,
253 843 509 903 aliquorum
538 854 630 884 non
654 840 798 884 item?
835 839 944 896 quid
966 838 1151 881 censes?
1182 846 1470 885 annonrecte

94 903 202 958 haec
225 911 467 957 dicuntur?

215 981 290 1023 Cr.
342 979 494 1022 Recte.

211 1049 282 1091 So.
340 1045 484 1091 Vei-as
518 1043 657 1101 igitur
687 1057 780 1085 esse
805 1042 958 1099 magni
979 1039 1298 1093 aestimandas,
1338 1039 1471 1084 falsas
1500 1042 1507 1049 '

99 1131 193 1160 non
223 1116 332 1157 item
347 1114 370 1155 ’ἰ

217 1181 290 1224 Cr.
347 1180 511 1226 Etiam.
951 1224 957 1229 ,
1227 1215 1230 1221 .

211 1249 284 1291 So.
343 1247 490 1292 Verae
521 1254 672 1288 autem
692 1239 875 1287 annn‘ou
895 1253 999 1288 sunt
1015 1244 1310 1303 sapientium,
1337 1243 1474 1287 falsae

101 1324 250 1361 autem
268 1313 612 1372 insipientium?
1297 1324 1302 1329 '

215 1382 292 1426 Cr.
348 1380 554 1439 Quidni?

213 1452 285 1506 So,
326 1450 422 1509 Age
441 1449 545 1500 iam,
571 1447 798 1505 quomodo
819 1448 907 1504 ista
914 1447 1222 1491 dicebantur?
1252 1450 1330 1506 qui
1340 1465 1475 1493 exer-

104 1527 229 1562 cetur
247 1519 385 1574 idque
407 1516 561 1558 sedulo
581 1515 685 1572 agit,
703 1531 814 1558 num
836 1515 1031 1558 cuiusvis
1050 1515 1249 1560 hominis
1270 1517 1477 1566 laudivel

102 1583 443 1644 reprehensioni
464 1583 540 1625 vel
559 1582 765 1640 opinioni
782 1583 943 1626 tribuit
965 1583 1145 1640 aliquid,
1167 1599 1223 1644 an
1232 1585 1363 1649 unius
1375 1595 1477 1629 tan-

101 1662 197 1696 tum
215 1653 353 1704 illius,
379 1652 463 1716 qui'
475 1660 553 1694 aut
570 1650 771 1707 medicus
793 1651 855 1705 sit¹
870 1659 947 1704 aut
965 1650 1210 1708 palaestrae
1228 1653 1478 1711 magister?

219 1721 288 1764 Cr.
345 1719 492 1763 Unius
517 1725 705 1762 tantum.
1254 1750 1257 1754 >
1312 1719 1314 1721 ’
1333 1715 1359 1736 ²

215 1788 286 1831 So.
343 1787 509 1832 Annon
537 1782 740 1828 metuere
771 1784 902 1836 debet
932 1783 1306 1842 reprehensiones
1331 1797 1374 1832 et
1396 1804 1479 1848 ap·-

104 1863 257 1912 petere
279 1857 433 1910 laudes
452 1854 586 1897 unius
607 1852 746 1904 iuius,
775 1864 871 1895 non
891 1852 1000 1895 item
1021 1853 1141 1911 volgi
1156 1850 1201 1897 ‘3¹‘
1242 1848 1246 1856 ²
1287 1859 1290 1862 '

223 1921 294 1964 Cr.
350 1923 429 1964 Ita.
1175 1934 1178 1938 ’

221 1989 294 2031 30.
350 1989 444 2031 Hac
481 2003 586 2043 ergo
615 1988 792 2029 ratione
821 1988 952 2029 illum
988 1989 1138 2030 iacere
1182 1989 1306 2030 decet
1347 2002 1481 2046 seque

111 2070 325 2098 exercere
355 2063 486 2111 atque
521 2055 654 2095 etiam
686 2053 817 2094 edere
841 2062 886 2095 et
902 2054 1080 2105 bibere,
1109 2069 1196 2109 qua
1215 2054 1284 2096 issi
1304 2055 1385 2097 uui
1408 2057 1481 2098 vi-

109 2138 210 2164 sum
229 2122 377 2171 {fuerit
407 2119 636 2179 praefecto
660 2127 790 2175 atque
806 2119 974 2178 perito,
1000 2119 1152 2179 potius
1172 2123 1477 2178 quaxnognui-

109 2190 192 2232 bus
212 2187 385 2232 ceteris.

227 2255 302 2299 Cr.
358 2255 439 2299 Est
458 2256 534 2298 itm

224 2324 295 2368 So.
347 2323 449 2366 ‘Iam
488 2323 525 2364 si
566 2321 632 2365 illi
656 2320 737 2363 uni
766 2335 859 2364 non
881 2331 1059 2379 pareat,
1105 2323 1346 2381 ipsiusque
1365 2324 1481 2368 nihil

113 2389 521 2448 tribuat'opim‘oni
554 2398 598 2432 et
624 2389 855 2443 laudibus,
896 2389 1144 2447 plurimum
1175 2398 1324 2435 autem
1352 2392 1482 2449 volgo

115 2463 245 2512 atque
262 2457 508 2514 imperitis,
537 2472 647 2501 num
668 2457 780 2501 nihil
801 2460 908 2503 mali
931 2457 1154 2516 accipiet?

230 2523 300 2566 Cr.
359 2524 616 2582 Quippini?

227 2589 299 2631 So.
359 2590 586 2647 Quidnam
614 2594 726 2636 istuc
749 2600 814 2635 est
837 2592 977 2635 mali?
1006 2601 1050 2635 et
1069 2607 1158 2651 quo
1177 2594 1398 2650 pertinet,
1441 2602 1484 2634 et

116 2671 250 2713 quam
272 2657 324 2700 ad
346 2667 521 2715 partem
543 2659 635 2703 eius
660 2660 736 2718 qui
757 2675 846 2704 non
864 2661 1049 2719 pareat?
