1716 2878
458 68 465 86 1

527 112 996 156 -EUTHYPHRQ
1388 123 1447 160 57

48 263 62 269 2
86 241 197 294 tlh-i,-
235 243 356 280 recte
387 233 509 276 enim
543 232 743 285 orditur,
782 232 859 290 qui
884 233 1081 290 primam
1105 225 1456 279 adolescentibus

83 306 241 353 tribuit
258 319 409 347 curam
424 334 436 355 ,
478 311 528 346 ut
558 300 746 344 evadant
763 306 908 356 ssquam
931 303 1114 359 optimi,
1153 302 1268 346 sicut
1284 302 1455 345 bonum

85 374 324 433 agricolam
345 369 542 413 novellas
563 369 735 427 plantas
758 382 918 410 curare
931 368 1056 412 decet
1066 371 1280 428 primum,
1295 371 1456 414 deinde

86 443 219 491 etiam
247 449 425 483 ceteras.
465 446 594 495 atque
615 437 746 479 etiam
765 435 948 479 Melitus
975 437 1072 480 sine
1094 438 1229 480 dubio
1254 438 1456 497 primum

83 525 178 552 nos*
196 507 346 558 elidit,
396 506 472 563 qui
501 504 847 548 adolescentium
875 504 1080 560 germina
1108 508 1458 566 corrumpimuS‚

84 585 138 632 ut
160 577 244 628 ait,
285 574 448 619 deinde
477 573 646 616 scilicet
666 571 896 614 seniorum
919 587 1026 614 cura
1046 582 1271 631 suscepta,
1305 576 1458 632 pluri-

82 659 265 688 morum
296 642 692 696 maximorumque
718 640 940 684 bonorum
967 649 1123 684 auctor
1143 641 1313 684 civitati
1336 644 1460 685 exsi-

83 720 191 766 stet3
229 711 345 769 quod
369 707 550 768 quidem
570 723 653 768 par
675 716 740 752 est
762 707 994 766 obtingere
1016 708 1057 752 ei
1076 708 1197 767 quia
1215 709 1293 753 tali
1313 711 1458 755 ordia-

84 787 161 822 tur
189 779 334 822 initio.

194 847 287 892 Ea.
332 838 514 891 ‘Vellem
543 845 749 904 quidem,
785 843 990 898 Socrate,
1031 846 1374 905 at’pertimesco
1402 862 1462 889 ne

88 921 246 958 contra
271 914 475 959 eveniat..
503 929 608 957 nam
633 917 762 974 plane
781 914 959 958 videtur
979 913 1094 956 mihi
1117 930 1142 957 a
1162 914 1297 959 Vesta
1320 914 1464 958 ordiri

88 981 373 1024 vexationem
393 982 607 1034 civitatis,
646 982 726 1040 qui
743 990 787 1025 te
805 980 974 1024 iniuria
991 980 1166 1024 afficere
1186 981 1359 1027 audeat.
1383 983 1462 1025 sed

87 1064 224 1092 narra
253 1049 390 1107 mihi,
430 1049 535 1106 quid
562 1049 742 1093 tandem
768 1048 1007 1092 facientem
1039 1056 1085 1091 te
1117 1047 1225 1092 dicit
1255 1063 1465 1093 corrum-

88 1130 200 1173 pere
228 1115 523 1160 adolescentes
536 1117 558 1159 ’.Ρ

223 1184 297 1227 So.
345 1183 605 1227 Absurdum
620 1216 632 1237 ‚
668 1185 707 1227 si
745 1184 843 1242 quis
881 1184 944 1226 sic
981 1182 1157 1237 audiat,
1193 1199 1220 1227 o
1257 1185 1461 1228 mirifice.

92 1251 200 1295 dicit
215 1251 364 1295 ’einim
382 1251 588 1294 fictorem
612 1267 686 1295 me
709 1267 802 1294 esse
822 1251 1032 1305 deorum3
1062 1259 1106 1294 et
1123 1260 1351 1309 tamquam
1373 1269 1466 1296 no-

90 1335 170 1363 vos
204 1319 448 1376 fingentem
475 1319 603 1372 deos,
639 1327 812 1363 veteres
843 1327 992 1362 autem
1014 1318 1163 1362 nullos
1185 1335 1278 1364 esse
1298 1331 1464 1380 putan-

91 1396 182 1433 tem
206 1387 428 1430 accusavit
457 1402 531 1429 me
567 1386 638 1430 his
657 1387 767 1445 ipsis
791 1387 847 1429 de
869 1387 1033 1439 causis,
1057 1396 1109 1430 ut
1131 1388 1206 1431 ait.

201 1455 290 1501 Eu.
325 1454 557 1512 Intelligo,
580 1448 796 1498 Socrate:
826 1455 930 1512 quia
957 1464 1005 1499 tu
1025 1455 1312 1500 daemonium
1330 1459 1466 1514 istud,

94 1515 459 1581 quotiescumque
480 1521 648 1579 aliquid
670 1521 867 1565 facturus
887 1523 945 1565 sis
958 1555 970 1576 ,
1012 1523 1095 1567 tibi
1119 1525 1377 1583 contingere
1397 1527 1468 1574 di-

93 1595 182 1647 cis3
216 1599 443 1648 tamquam
471 1589 659 1632 novanti
684 1589 824 1647 igitur
857 1590 1025 1647 aliquid
1053 1593 1103 1634 in
1131 1591 1266 1635 rebus
1302 1594 1471 1639 divinis

93 1658 208 1702 hanc
249 1658 443 1702 intendit
484 1656 729 1711 actionem3
788 1664 833 1699 et
871 1659 1224 1702 calumniaturus
1250 1670 1316 1705 est
1345 1665 1468 1721 apud

93 1727 326 1780 iudicium,
346 1725 450 1783 quia
468 1723 550 1768 scit
569 1725 788 1768 eiusmodi
799 1725 1188 1770 criminationibus
1198 1727 1328 1770 facile
1338 1745 1470 1788 posse

93 1794 389 1838 multitudinis
411 1792 563 1835 odium
584 1792 810 1836 concitari.
848 1793 1013 1836 etenim
1033 1810 1106 1838 me
1120 1810 1312 1853 quoque,
1332 1813 1472 1855 quum

96 1861 265 1918 aliquid
293 1861 343 1904 in
372 1859 588 1904 concione
617 1860 782 1917 loquor
803 1860 857 1903 de
880 1861 1044 1905 divinis
1063 1863 1198 1906 rebus
1221 1863 1374 1908 futura
1390 1867 1471 1924 ip-

98 1930 157 1972 sis
200 1927 525 1986 praenuncians
553 1927 759 1972 derident
784 1930 911 1973 velut
938 1929 1261 1986 insanientem3
1309 1948 1469 1990 quam-.-

99 2011 234 2054 quam
264 2009 424 2037 eorum
444 2009 554 2051 quae
573 1997 896 2052 praenunciavi
917 1996 1032 2039 nihil
1055 2012 1147 2040 non
1164 2013 1325 2042 verum
1346 1999 1470 2053 dixi;

97 2073 249 2110 tamen
265 2061 470 2105 invident
487 2060 614 2103 nobis
634 2061 838 2103 omnibus
859 2063 937 2118 qui
955 2063 1063 2106 haec
1081 2065 1294 2122 sapimus.
1331 2075 1376 2110 at
1395 2067 1470 2114 ni-e

22 2164 32 2170 .
90 2132 166 2176 vhil
189 2145 263 2173 eos
283 2142 469 2180 curare,
499 2127 575 2170 sed
595 2126 761 2170 instare
778 2143 859 2172 nos
885 2138 1079 2187 oportet.

210 2198 284 2241 So.
334 2197 374 2239 O
409 2210 511 2238 care
533 2193 830 2254 Euthyphro,
867 2195 1061 2240 derideri
1082 2197 1262 2255 quidem
1284 2199 1469 2250 sortasse

100 2281 186 2326 pro
227 2264 370 2308 nihilo
415 2261 677 2321 putandum.
726 2263 957 2307 enimvero
981 2265 1276 2311 Athenienses
1306 2269 1470 2318 viden-

99 2343 177 2378 tur
200 2332 314 2376 mihi
332 2346 495 2391 parum
513 2346 685 2385 curare,
706 2330 743 2374 si
764 2347 897 2388 quem
919 2342 1099 2391 praeter
1122 2344 1293 2378 ceteros
1312 2351 1470 2396 sapere

98 2407 284 2460 putent,
343 2399 477 2442 modo
515 2414 573 2441 ne
603 2409 869 2458 praeceptor
896 2401 953 2443 sit
985 2402 1227 2460 sapientiae
1254 2419 1383 2457 euae3
1432 2405 1472 2450 si

101 2483 239 2525 quem
268 2482 376 2510 vero
409 2467 506 2510 aliis
533 2468 720 2510 eandem
749 2467 982 2526 impertire
999 2478 1182 2527 putant,
1219 2469 1472 2527 irritantur,

102 2536 197 2580 sive
216 2534 402 2586 invidia,
425 2535 490 2578 uti
512 2544 562 2578 tu
589 2535 712 2588 dicis,
737 2550 814 2580 seu
834 2536 966 2579 aliam
989 2537 1185 2594 aliquam
1203 2537 1258 2580 ob
1281 2554 1469 2583 causam.

213 2603 306 2647 Ειι.
357 2599 451 2646 Hac
478 2612 595 2647 certe
614 2603 663 2645 in
680 2618 730 2644 re
751 2619 838 2660 quo
859 2603 1037 2647 tandem
1057 2605 1189 2650 modo
1210 2606 1259 2655 in
1279 2621 1354 2653 me
1373 2608 1473 2652 ani—-

106 2670 216 2717 mati
235 2671 324 2715 sint
341 2670 454 2716 nihil
472 2671 604 2730 plane
622 2686 722 2714 mea
742 2673 927 2716 interest
946 2673 1160 2733 experiri.
