1734 2872
425 215 848 263 ALCIBIADES
891 192 1268 265 SECUNDUS.
1439 220 1529 259 325

261 338 337 382 'So-
393 333 617 380 conducit
642 347 748 389 ergo
780 331 1059 376 multitudini
1093 345 1239 388 neque
1269 329 1384 375 scire
1403 331 1532 388 quic.-

97 417 102 424 ‘
147 420 282 467 quam
303 419 449 461 neque
466 410 627 461 putare
644 415 740 444 sese
756 400 878 442 scire
885 431 901 452 ,
923 397 1147 454 siquidem
1170 397 1431 460 promptior
1445 399 1532 442 erit

147 475 204 518 ad
233 488 285 515 ea
319 471 522 515 facienda
552 483 665 527 quae
684 467 793 510 sciat
812 466 883 508 vel
905 474 1029 523 putet
1047 482 1094 508 se
1114 468 1258 519 scire,
1301 481 1352 508 ea
1377 472 1531 509 autem

146 541 314 586 faciens
342 553 552 597 magnam
580 543 759 596 partem
793 534 1052 581 denimenti
1075 535 1179 595 plus
1211 547 1346 594 quam
1362 532 1534 626 utilita-

147 610 205 653 tis
224 608 382 666 capiet.

259 683 337 727 Al.
393 680 643 728 verissime
659 680 871 738 loqueris.

262 761 337 807 So.
394 759 534 803 Vides
557 758 719 814 igitur,
761 772 899 814 quum
926 755 1129 801 dicebam
1146 756 1421 813 reliquarum
1444 755 1533 798 sci-

149 827 372 872 entiarum
403 825 723 886 possessionem
738 857 754 879 ,
787 825 825 868 si
857 825 956 882 quis
984 824 1082 866 sine
1105 823 1265 881 optimi
1284 823 1467 867 scientia
1484 822 1534 864 in

149 911 202 938 ea
222 904 357 948 esset,
383 909 487 936 raro
505 892 731 950 prodesse,
766 893 944 950 saepius
965 905 1075 934 vero
1100 892 1254 934 obesse
1273 891 1531 950 possessori,

148 977 300 1007 nonne
323 968 445 1004 recte
466 975 573 1003 sane
592 967 715 1020 patet
739 974 814 1002 me
833 959 1032 1004 dixisse?
1063 981 1068 990 ι

260 1036 337 1080 Al.
394 1034 443 1079 Si
472 1050 565 1079 non
582 1044 715 1088 tunc,
750 1043 796 1079 at
816 1034 993 1078 saltem
997 1043 1146 1087 nunc,
1176 1033 1385 1086 Socrate,
1412 1032 1529 1077 ιιιιΙιί

149 1104 213 1147 ita
232 1103 426 1146 videtur.

261 1179 335 1221 So.
395 1179 586 1235 Oportet
606 1178 745 1236 igitur
769 1187 814 1222 et
836 1177 1064 1221 civitatem
1088 1185 1132 1220 et
1148 1178 1349 1220 animum
1362 1177 1531 1219 sirecte

148 1245 207 1289 sit
235 1245 437 1287 victurus
471 1243 588 1286 hano
623 1245 835 1303 amplecti
866 1244 1124 1298 scientiam,
1162 1244 1296 1301 plane
1315 1245 1430 1287 sicut
1456 1259 1532 1286 ae·-

147 1319 398 1371 grotantem
416 1311 643 1353 medicum
666 1313 741 1354 vel
764 1312 1111 1369 gubernatorem
1134 1326 1236 1353 eum
1256 1312 1436 1368 quituto
1450 1327 1531 1353 ve-

148 1379 203 1422 lit
234 1378 470 1432 navigare3
511 1379 608 1421 sine
635 1378 720 1421 hac
759 1379 906 1432 enim,
945 1372 1165 1435 quanto
1195 1378 1531 1428 immoderatius

149 1444 408 1503 impellit
435 1446 683 1498 animus,
720 1446 793 1489 vel
824 1460 961 1503 opum
983 1445 1309 1503 possessionem
1332 1446 1406 1489 vel
1428 1439 1529 1487 cor-

154 1514 304 1568 poris,
339 1512 483 1556 robur
513 1514 585 1556 vel
608 1513 728 1556 aliud
749 1514 857 1570 quid
876 1512 1053 1571 generis
1074 1513 1274 1557 eiusdem
1299 1522 1530 1571 appetens,
1587 1567 1591 1569 ,

149 1587 273 1622 tanto
310 1579 479 1622 maiora
492 1612 507 1631 ‚
546 1587 598 1623 ut
627 1580 827 1633 videtur,
864 1580 1057 1638 peccata¹
1074 1581 1183 1625 inde
1211 1581 1427 1623 exsistant
1446 1593 1529 1620 ne-

149 1662 269 1690 cesse
289 1655 366 1690 est.
397 1647 476 1703 qui
496 1661 607 1689 vero
628 1648 871 1690 multarum
883 1638 1040 1702 rerum
1052 1648 1306 1704 artiumque
1317 1646 1529 1704 peritiam

148 1714 306 1766 habet,
346 1713 430 1756 hac
461 1729 570 1756 vero
598 1713 776 1755 orbatus
797 1721 860 1755 est
883 1713 1066 1756 scientia
1089 1723 1133 1757 et
1156 1729 1181 1756 a
1210 1714 1391 1771 quaque'
1420 1710 1531 1755 reli-

150 1796 341 1839 quarum
379 1779 580 1840 ducitur,
612 1795 766 1822 nonne
795 1780 906 1822 iure
928 1780 1131 1837 profecto
1159 1782 1219 1825 in
1234 1795 1335 1838 gen
1349 1779 1411 1822 te'
1433 1793 1464 1821 v
1479 1777 1530 1819 e‘-

151 1863 185 1891 x
198 1858 322 1892 atur
350 1861 452 1906 pro
466 1848 637 1901 cella,
664 1847 859 1905 quippe,
894 1848 1085 1905 opinor,
1109 1849 1205 1891 'sine
1227 1849 1526 1906 gubernatore

152 1913 210 1956 in
233 1914 466 1971 pelago,
503 1915 681 1958 vitam
713 1915 1053 1964 traducens,
1097 1916 1210 1956 non
1253 1914 1351 1956 diu
1395 1927 1528 1953 cur-

152 1995 274 2023 sum
304 1988 501 2022 tenens
518 1981 542 2021 ’ἓ
567 1988 616 2023 ut
638 1980 822 2022 evenire
842 1980 956 2022 mihi
977 1981 1181 2024 videatur
1199 1980 1273 2022 hic
1292 1978 1524 2036 quoqueid

153 2047 272 2105 quod
300 2054 432 2105 poeta
467 2045 577 2088 dicit.
599 2046 795 2101 aliquem
823 2045 1061 2103 increpans
1077 2064 1097 2088 :-
1115 2047 1305 2090 'multa
1343 2044 1525 2102 quidem

151 2116 395 2168 sciebat,
424 2113 571 2155 male
598 2120 811 2161 autem,
855 2112 941 2160 ait,
960 2112 1183 2168 sciebat
1211 2111 1426 2167 omnia„

264 2190 342 2234 Al.
397 2189 465 2232 Et
484 2187 590 2245 quid
609 2187 787 2231 tandem
810 2188 960 2231 evenit
978 2187 1101 2244 quod
1120 2189 1252 2246 poe-‘ta
1273 2186 1403 2239 dicit,
1443 2180 1526 2230 So-

135 2258 305 2309 ¹crate?
334 2256 448 2302 mihi
470 2256 592 2299 enim
617 2253 733 2300 nihil
753 2255 937 2325 omnino
958 2255 1138 2303 videtur
1159 2255 1325 2301 dixisse
1340 2249 1460 2323 quod
1471 2253 1525 2295 ad

151 2342 252 2392 rem
276 2324 512 2383 pertineat.
1106 2339 1110 2344 ·

267 2402 340 2443 So.
398 2399 514 2443 Sane
544 2398 723 2456 quidem
750 2399 864 2456 quod
888 2399 1109 2456 pertinetg
1145 2413 1304 2443 verum
1315 2406 1436 2457 ‚tecte
1454 2399 1520 2455 lo-

155 2467 325 2525 quitur,
355 2468 419 2509 mi
439 2467 623 2524 optime,
659 2476 703 2510 et
719 2467 793 2510 hic
815 2475 858 2509 et
879 2466 1042 2523 reliqui
1062 2465 1220 2524 'poetae
1238 2465 1333 2509 fere
1353 2463 1523 2508 o'mn'es.

155 2542 222 2577 est
251 2533 372 2575 enim
402 2534 549 2591 poesis
580 2534 789 2575 universa
816 2534 975 2577 natura
999 2534 1351 2589 tecta-quaedam
1375 2533 1455 2574 nec
1476 2546 1525 2573 ea

158 2614 272 2657 quae
293 2615 319 2640 a
338 2602 496 2657 quovis
513 2599 650 2658 possit
669 2601 898 2658 cognosci3
926 2616 975 2643 ac
987 2608 1300 2658 praeterquam
1314 2598 1433 2655 quod
1446 2612 1525 2639 na·-

160 2675 260 2712 tura
290 2673 355 2711 est
373 2667 498 2722 talis,
527 2667 705 2726 quaudo
733 2668 919 2727 corripit
943 2669 1091 2714 virum
1108 2660 1316 2713 invidum
1340 2679 1420 2708 nec
1443 2679 1527 2724 pa-
