1696 2898
867 100 892 108 r

351 210 390 259 k
671 212 1084 253 -LACHES.
1363 217 1546 278 '485

181 325 377 389 spectavi
392 329 540 387 'quum
572 345 730 387 reapse
750 330 918 372 invitus
940 321 986 371 se
1004 337 1257 373 ostentaret
1283 321 1411 371 navis
1423 329 1548 372 enim

180 412 267 454 qua
291 397 533 440 vehebatur
554 411 599 452 q
587 412 691 440 uun
715 397 762 438 in
783 397 1036 438 onervaiiam
1053 396 1343 448 incurrisset,
1375 398 1548 456 ‘ptigtffa-

177 465 252 506 bat
279 463 450 507 hastam
478 462 645 506 habens
675 463 908 514 falcatam,
942 464 1294 523 instrumentum
1313 460 1549 524 singular&

177 531 345 588 quippe
368 531 443 588 qui
461 531 558 588 ipse
575 529 716 572 sumit
735 531 946 586 3111011131
934 546 985 573 ιε
992 540 1065 573 a'c
1074 525 1256 588 reliqua
1267 531 1448 586 quidem
1458 534 1551 588 rffln
1607 575 1614 590 .-

177 607 278 640 sunt
306 597 438 654 digna
467 612 580 655 quae
611 606 920 639 memoientur
953 598 1008 639 de
1037 599 1162 651 viro,
1198 598 1408 640 callidum
1441 590 1549 640 vero
1599 591 1605 612 ⁵

177 663 415 707 inventum
437 665 586 708 hastae
605 663 788 711 falcatae
810 679 896 720 quo
917 667 1109 708 evaserit
1126 664 1412 708 narrandum.
1444 657 1550 722 dtfin

178 732 298 774 enim
323 732 558 790 pugnabat,
581 732 708 774 navis
729 732 1029 774 armamentis
1035 733 1237 775 irretitus
1260 731 1551 792 retinebatur:

179 798 378 842 uahebat
404 799 542 856 igitur
565 799 776 843 Stesilaus
805 807 855 841 ut
878 799 1154 847 exsolveiet,
1199 795 1274 841 sed
1302 815 1395 841 non
1419 808 1549 856 pote-

174 874 246 908 rat
267 867 516 925 extricare3
544 867 668 909 navis
689 881 798 909 vero
818 880 982 907 navem·
999 862 1262 919 transibat3-
1277 866 1552 923 aliquamdiu

177 933 356 989 quidem
383 948 543 976 navem
565 949 699 976 cursu
720 933 1383 987 comitabaturhastamtenensg
1413 944 1551 990 quum

177 1009 325 1043 autem
345 1001 469 1043 navis
494 1017 653 1044 navem
674 995 966 1058 praeterisset
975 1001 1214 1058 ipsumque
1243 1000 1442 1044 traheret
1463 1001 1549 1043 ha·-v

175 1074 291 1110 stam
327 1068 619 1121 retinentem,
670 1068 838 1110 dimisit
867 1067 1039 1111 hastam
1070 1083 1155 1127 per
1183 1083 1391 1122 manum,
1439 1069 1550 1120 dum¹
1597 1080 1602 1083 “

177 1144 427 1177 extremam
463 1144 635 1179 teneret
667 1135 914 1192 cuspidem.
954 1136 1181 1178 risusvero
1209 1143 1254 1178 et
1282 1137 1463 1194 plausus
1499 1136 1551 1177 in

147 1200 149 1203 ’
172 1203 279 1244 navi
299 1203 504 1244 oneraria
532 1211 708 1246 coortus
734 1211 799 1245 est
831 1212 1025 1260 propter
1039 1205 1134 1247 eius
1149 1206 1337 1260 gestum,
1362 1210 1404 1244 et
1414 1217 1553 1258 quum

173 1268 370 1326 lapidem
399 1269 562 1325 aliquis
596 1270 649 1311 ad
683 1271 819 1327 pedes
848 1271 943 1312 eius
974 1271 1024 1312 in
1047 1271 1292 1314 tabulatum
1311 1269 1489 1312 iecisset
1508 1278 1552 1312 et

173 1334 250 1379 ille
267 1336 435 1379 hastam
457 1336 724 1387 diiniitmet,
751 1345 848 1380 tum
866 1337 956 1378 iam
970 1337 1048 1399 3111
1069 1350 1250 1395 quoque
1271 1337 1350 1395 qui
1376 1336 1550 1379 triremi

175 1398 453 1449 vehebantur
484 1419 578 1446 non
606 1412 817 1460 poterant
843 1404 990 1447 risum
1007 1413 1188 1458 tenere,
1221 1402 1423 1447 videntes
1447 1419 1550 1445 sus-

174 1487 358 1528 pensam
380 1488 404 1515 e
424 1472 529 1514 navi
555 1471 762 1514 oneiaria
779 1470 950 1514 hastam
970 1472 1096 1514 illam
1117 1472 1337 1515 falcatam.
1365 1471 1551 1513 fortasse

174 1539 314 1596 igitur
335 1540 503 1595 aliquid
524 1539 632 1580 haec
655 1547 812 1590 erunt,
850 1539 1228 1593 quemadmodum
1246 1539 1394 1581 Nicias
1414 1538 1549 1590 dicit3

175 1621 288 1662 quae
307 1621 419 1647 vero
441 1605 649 1660 equi-dem
670 1604 872 1659 cognovi,
894 1604 1002 1646 haec
1012 1605 1109 1647 fere
1122 1614 1238 1648 sunt.
1267 1605 1404 1661 Quod
1415 1605 1550 1660 igitur

177 1672 308 1715 initio
342 1671 465 1719 dixi,
503 1671 598 1712 sive
634 1670 872 1726 disciplina
901 1679 965 1713 est
991 1680 1171 1729 tamque
1204 1672 1389 1728 exiguas
1415 1670 1551 1712 habet

177 1739 406 1789 utilitates,
435 1738 531 1781 sive
555 1751 645 1779 non
668 1745 745 1786 est,
773 1736 994 1781 affirmant
1009 1754 1119 1782 vero
1138 1739 1214 1796 qui
1223 1754 1318 1781 eam
1332 1738 1553 1796 profiten-

116 1852 118 1859 ι
178 1814 255 1849 tur
284 1814 328 1848 et
351 1805 561 1847 simulant
588 1804 870 1862 disciplinam
890 1820 1008 1859 esse,
1038 1821 1132 1848 non
1162 1814 1225 1849 est
1258 1805 1389 1863 digna
1419 1821 1554 1862 quam

180 1873 277 1929 quis
297 1873 469 1915 studeat
491 1872 726 1914 addiscere.
756 1881 886 1928 atque
905 1873 1041 1915 etiam
1062 1873 1270 1921 arbitror,
1299 1872 1336 1914 si
1360 1872 1457 1928 quis
1476 1872 1555 1929 qui

178 1940 373 1984 imbellis
392 1940 449 1982 sit
468 1947 595 1996 putet
612 1938 726 1980 hanc
749 1939 832 1981 sibi
855 1939 1192 1998 percipiendam
1213 1954 1330 1992 esse,
1357 1936 1460 1982 eum
1474 1971 1484 1991 ‚
1515 1944 1555 1987 si

181 2007 391 2050 audacior
407 2021 490 2064 per
510 2021 608 2049 eam
627 2006 768 2048 factus
786 2006 938 2059 fuerit,
957 2007 1097 2064 magis
1108 2007 1312 2050 futurum
1331 2021 1423 2049 esse
1443 2022 1553 2048 con-

180 2075 388 2133 spicuum
409 2073 551 2130 qualis
573 2080 674 2115 ante
694 2072 854 2128 fuerit3
892 2075 962 2117 sin
979 2074 1132 2128 fortis,
1160 2075 1267 2118 dum
1292 2075 1552 2128 observetur

182 2141 236 2184 ab
260 2139 539 2193 hominibus,
574 2139 747 2182 etiamsi
781 2141 1036 2199 paullulum
1071 2143 1346 2200 peccaverit,
1375 2158 1553 2200 magnas

183 2209 270 2252 sibi
302 2215 639 2251 contracturum
670 2222 764 2250 esse
797 2208 1064 2262 calumnias3
1099 2209 1321 2253 invidiosa
1350 2218 1414 2252 est
1434 2211 1555 2252 enim

182 2275 318 2318 huius
339 2275 550 2319 scientiae
571 2274 804 2333 professio,
831 2284 892 2329 ut,
920 2276 1014 2318 nisi
1034 2277 1201 2319 mirum
1222 2292 1351 2334 quam
1363 2286 1555 2335 praestet

185 2341 451 2385 fortitudine
484 2343 694 2398 reliquis,
732 2342 831 2385 fieri
860 2358 952 2386 non
987 2345 1126 2400 possit
1151 2345 1262 2400 quin
1290 2344 1402 2386 risui
1430 2345 1486 2387 sit
1510 2359 1556 2386 se

189 2409 338 2451 dicens
356 2419 509 2453 tenere
532 2409 646 2452 hanc
663 2410 911 2453 scientiam.
965 2411 1076 2452 Tale
1099 2411 1210 2454 mihi
1232 2412 1410 2468 quidem
1430 2412 1557 2454 vide-

188 2483 282 2526 tur,
310 2475 590 2534 Lysimache,
611 2476 746 2518 huius
766 2477 871 2519 artis
892 2477 1086 2521 studium
1105 2474 1220 2531 esse}
1244 2486 1420 2537 oportet
1430 2493 1554 2528 vero,

190 2542 239 2585 id
268 2543 385 2600 quod
415 2543 498 2586 tibi
532 2544 663 2586 initio
695 2543 814 2593 dixi,
852 2542 1079 2590 Socratem
1109 2561 1282 2602 quoque
1317 2546 1436 2588 hunc
1467 2559 1558 2604 non

194 2610 390 2661 dimitti,
427 2607 502 2653 sed
528 2611 679 2668 rogari
704 2620 754 2654 ut
773 2611 1005 2654 eonsilium
1028 2613 1100 2656 det
1118 2628 1175 2655 ex
1198 2628 1249 2654 ea
1273 2627 1405 2669 quam
1428 2612 1560 2655 habet

197 2676 251 2730 de
269 2692 320 2720 re
335 2677 563 2736 proposita
588 2678 814 2723 sententia.
