1734 2872
535 138 960 242 ALc1R1ADEs
1000 171 1303 230 PleJs-
1502 153 1594 217 2932

314 295 382 336 So.
443 290 616 350 Quodsi
635 289 772 369 igitur
791 288 961 346 cogitas
983 303 1055 331 res
1076 288 1408 348 publicasiecte
1424 297 1467 332 et
1478 289 1591 331 bene

180 392 190 404 1
200 374 395 471 gereijl
410 357 629 410 virtutem
644 347 879 421 impertiri
902 355 1035 398 debes
1055 355 1248 399 civibus.
1622 364 1626 368 ’

492 441 534 467 ιιι
603 404 704 467 ini?
1390 463 1394 466 .

313 432 383 536 SAo.
355 419 609 536 lssooelfft
639 503 749 534 vero
767 490 1010 548 quisquam
1032 488 1261 548 impertiri
1286 491 1331 533 id
1354 490 1471 548 quod
1495 504 1588 534 non

201 561 370 606 habet?
406 597 408 599 .
672 586 674 591 ι
747 599 762 612 N

312 632 381 671 Al.
441 625 537 686 Qui
569 624 743 689 possit?
791 622 795 627 ’
878 652 880 654 -
1497 639 1528 670 q

312 698 375 738 So.
431 694 544 754 Ipsi
554 709 661 752 ergo
696 693 780 736 tibi
806 692 1023 750 primum'
1044 690 1315 748 acquirenda
1341 703 1405 737 est
1424 694 1583 746 virtus,
1604 734 1606 738 ,

204 775 245 809 et
268 765 537 823 quicumque
555 761 667 804 alius
689 761 786 803 volt
805 776 898 803 non
922 759 1139 818 privatim
1162 769 1335 804 tantum
1356 761 1438 804 sibi
1468 762 1584 805 suiss

204 849 291 890 que
312 831 537 875 mode1a11
560 836 605 873 ct
627 827 886 883 consulere,
915 827 992 871 sed
1016 828 1148 871 etiam
1170 827 1339 872 civitati
1360 830 1582 886 lebusque
1627 859 1637 871 ι

200 900 419 944 civilibus.
770 913 775 914 ⁷

309 967 560 1010 Ac.Ve1-a
583 964 707 1008 dic-is.
751 961 754 965 ¹
1276 1000 1278 1002 ,

310 1036 377 1075 So.
432 1034 536 1077 Non
563 1031 700 1087 igitur
730 1030 973 1089 impeiium
1002 1043 1146 1085 neque
1175 1029 1327 1072 licenti
1313 1047 1354 1072 a
1380 1031 1579 1087 paranda

200 1111 305 1145 sunt
331 1103 413 1145 tibi
448 1100 520 1143 vel
551 1098 720 1142 civitati
742 1096 935 1141 faciendi
953 1097 1163 1154 quicquid
1184 1098 1319 1150 velis,
1347 1098 1424 1140 sed
1445 1099 1576 1140 iusti-

199 1170 260 1213 tia
284 1178 327 1212 et
343 1168 595 1227 prudentia.

307 1239 378 1279 Al.
435 1236 502 1277 Ita
516 1233 618 1276 fere
639 1240 719 1275 est.
1365 1269 1372 1278 ‚

306 1306 372 1343 So.
427 1302 549 1344 Iuste
577 1300 698 1342 enim
730 1298 943 1342 facientes
972 1313 1022 1340 ac
1056 1299 1307 1356 prudenter
1323 1308 1372 1344 tu
1393 1308 1437 1343 et
1456 1299 1572 1342 civi-

197 1379 260 1414 tas
280 1370 340 1414 ita
360 1369 531 1412 facietis
553 1366 776 1425 quomodo
798 1367 881 1409 deo
903 1368 989 1410 erit
1006 1378 1198 1424 gratum.

304 1441 377 1483 Al.
434 1436 796 1480 Consentaneum
820 1442 895 1477 est.

304 1506 370 1546 So.
426 1505 507 1558 Et,
541 1503 590 1546 id
625 1501 742 1559 quod
774 1516 913 1558 supra
944 1502 1166 1558 diximus,
1198 1505 1247 1547 in
1278 1503 1481 1547 divinum
1520 1517 1571 1543 ac
1643 1508 1645 1510 ’

195 1572 478 1633 splendidum
500 1571 723 1614 intuentes
750 1567 933 1612 facietis.

303 1643 373 1681 Ac.
430 1639 496 1681 Ita
518 1646 597 1681 est.

230 1710 233 1712 “
305 1711 372 1749 So.
428 1707 577 1762 Atque
609 1703 697 1746 huc
730 1704 908 1759 quidem
928 1714 1174 1761 spectantes
1194 1715 1366 1751 vosmet
1384 1707 1504 1764 ipsos
1528 1712 1570 1747 et

194 1786 340 1821 vestra
361 1776 476 1818 bona
499 1771 781 1829 conspicietis
805 1780 848 1815 et
869 1773 1158 1830 cognoscetis.

305 1847 375 1885 Al.
430 1842 591 1884 Etiam.

305 1913 368 1949 So.
423 1909 585 1951 Nonne
607 1918 729 1952 recte
751 1924 800 1952 ac
819 1908 933 1951 bene
953 1925 1052 1952 rem
1071 1910 1267 1967 geretis?

305 1978 378 2018 Al.
433 1974 571 2018 Vero.

305 2046 372 2083 So.
429 2042 494 2083 Ita
512 2055 620 2081 vero
638 2041 675 2082 si
697 2040 891 2092 facietis,
923 2056 1004 2099 ego
1026 2057 1125 2084 mea
1146 2042 1233 2084 fide
1254 2040 1449 2098 spondeo
1463 2038 1564 2081 fore

195 2118 247 2154 ut
269 2109 461 2153 feliciter
478 2107 651 2149 vivatis.

304 2180 375 2218 Al.
433 2175 578 2217 Tutus
597 2188 702 2216 sane
728 2189 773 2215 es
794 2189 997 2231 sponsor.

304 2246 370 2283 So.
428 2241 598 2284 Iniuste
626 2243 837 2291 autemsssi
855 2241 1050 2294 facietis,
1091 2242 1141 2285 i'n
1163 2242 1395 2285 scelestum
1419 2250 1461 2284 et
1480 2241 1561 2282 ob-

194 2326 376 2355 scurum
399 2310 635 2362 intuentes,
671 2317 719 2351 ut
739 2317 1084 2353 consentaneum
1109 2320 1188 2364 est,
1216 2310 1285 2353 his
1311 2309 1473 2352 similia
1493 2308 1561 2350 ef-

194 2379 349 2422 ficietis
368 2386 539 2421 vosmet
562 2378 681 2435 ipsos
701 2376 819 2419 haud
841 2387 1165 2435 cognoscentes,

304 2448 377 2486 Al.
433 2445 638 2488 Videtur.

303 2514 368 2552 So.
423 2512 507 2555 Cui
541 2513 687 2565 enim,
727 2529 827 2556 care
859 2513 1113 2566 Alcibiade,
1155 2514 1334 2557 licentia
1365 2522 1430 2556 est
1465 2511 1563 2554 data

196 2576 404 2634 quicquid
424 2580 530 2622 velit
547 2580 735 2623 faciendi
749 2614 763 2631 ,
787 2591 830 2626 et
850 2582 915 2623 illi
938 2583 1116 2638 quidem
1136 2581 1456 2638 intelligentiae
1477 2594 1562 2620 ex-

196 2643 340 2700 perti,
381 2646 486 2702 quid
520 2648 747 2704 probabile
778 2658 842 2692 est
881 2650 921 2690 ei
953 2659 1218 2694 eventurum
1241 2664 1358 2699 esse,
1389 2646 1564 2705 privato
