1760 2898
604 205 1062 249 EUTHYPHRO.
1114 199 1118 207 ’
1183 203 1185 213 ³
1461 209 1520 248 85

138 321 289 381 pudor
322 321 441 365 haud
465 322 614 376 deest3
656 321 733 364 sed
766 321 939 379 potius,
974 322 1054 364 ubi
1082 320 1229 379 pudor
1257 328 1344 373 est,
1379 319 1517 364 timor

137 390 421 440 haud-deest,
449 405 542 433 non
568 398 732 434 tamen·
753 397 930 441 contra,
957 389 1227 446 ubicumque
1259 388 1422 439 timor,
1451 388 1517 431 ibi

137 458 274 499 etiam
299 457 458 515 pudor.
482 457 822 515 quippelatius,
850 465 901 498 ut
921 464 1057 514 pum,
1086 464 1208 513 patet
1225 455 1361 499 timor
1384 470 1518 512 quam

135 525 310 583 pud0r3
357 540 462 582 pars
501 526 622 567 enim
661 524 840 568 timoris
871 532 938 567 est
965 524 1139 581 pudor,
1188 523 1302 566 sicut
1339 523 1517 570 numeri

134 607 240 650 pars
259 601 324 635 est
341 592 519 649 impar3
549 601 825 651 quapropter
851 607 967 644 non,
997 591 1269 648 ubicumque
1288 606 1516 643 numerus,

133 660 202 702 ibi
221 659 353 703 etiam
372 659 520 717 impar
543 670 630 714 est,
657 660 734 703 sed
751 660 833 705 ubi
850 660 1024 716 impar,
1054 658 1119 701 ibi
1144 659 1278 702 etiam
1301 673 1515 707 numerus

135 735 211 771 est.
236 728 402 770 iamme
417 760 428 778 ‚
453 728 502 770 ni
525 729 679 781 fallor,
701 728 948 786 assequeris
962 727 984 769 ?

243 796 337 839 Eu·
392 795 666 840 Admodum.

227 863 321 906 ..Sog
372 862 529 907 Simile
549 864 656 922 quid
675 864 814 922 igitur
836 862 951 905 illud
972 862 1121 905 dicens
1135 895 1153 914 ,
1183 861 1514 919 interrogabam

132 939 310 983 utrum,
345 932 423 979 uhi
444 931 636 984 iustum,
662 931 728 975 ibi
749 940 792 974 et
815 931 969 989 pium,
1000 945 1056 972 an
1071 963 1086 982 ,
1117 929 1360 987 ubi-pium,
1389 931 1452 972 ibi
1472 939 1525 973 et=

131 997 295 1040 iustum
309 1029 321 1050 ,
354 999 432 1040 ubi
454 1014 565 1040 vero
587 999 776 1050 iustum,
803 1014 896 1040 non
917 998 1084 1054 ubique
1102 997 1231 1054 pium
1252 1007 1390 1050 esset3
1413 1013 1525 1055 pars.

132 1064 368 1109 enimiusti
382 1074 446 1108 est
455 1066 599 1123 pium.
609 1066 774 1108 siccine
787 1066 998 1118 dieamus,
1011 1081 1068 1107 an
1080 1065 1160 1113 tibi,
1170 1064 1297 1106 aliter
1309 1064 1511 1108 videtur?

242 1132 333 1175 Eu·
389 1132 507 1185 Non,
538 1132 614 1174 sed
646 1134 719 1178 ita.
740 1132 908 1174 videris
929 1134 1051 1175 enim
1071 1132 1185 1174 mihi
1204 1140 1324 1173 recte
1351 1132 1514 1175 dicere.

240 1198 311 1241 So.
370 1198 485 1241 Vide
513 1199 605 1240 iam
634 1199 753 1255 quod
788 1200 1004 1255 sequitur.
1037 1200 1074 1242 si
1120 1199 1241 1242 enim
1270 1198 1376 1241 iusti
1407 1215 1511 1256 pars

129 1265 372 1322 est'pium,
400 1273 700 1323 oportet-nos*
719 1267 985 1322 exquirere,
1018 1268 1207 1324 opinor,
1235 1266 1373 1322 qualis
1406 1281 1510 1323 pars

127 1333 236 1385 iusti
251 1333 316 1376 sit
332 1332 472 1390 pium6
495 1334 615 1390 quod
644 1333 681 1375 si
699 1333 845 1390 igitur·
860 1343 909 1377 tu
927 1350 1001 1378 me
1022 1334 1320 1391 interrogares
1344 1333 1511 1389 aliquid

130 1400 186 1441 de
206 1400 498 1453 mododictis,
513 1401 652 1452 velut,
666 1401 806 1457 qualis
830 1416 935 1459 pars
957 1402 1136 1445 numeri
1154 1401 1212 1443 sit
1227 1416 1324 1458 par,
1345 1409 1388 1443 et
1408 1400 1508 1457 quis

128 1467 185 1510 sit
205 1468 242 1510 is
266 1484 496 1520 numerus,
514 1468 635 1511 illico
652 1468 848 1510 dicerem
873 1484 966 1510 esse
988 1484 1092 1519 eum
1114 1469 1237 1511 cuius
1258 1470 1397 1511 latera
1413 1483 1507 1511 non

126 1534 402 1594 inaequalia,
431 1535 507 1579 sed
529 1536 753 1595 aequalia3
784 1550 934 1580 annon
952 1522 1016 1579 ite
1035 1536 1119 1579 tibi
1140 1536 1352 1585 videtur?

237 1604 330 1646 Eu.
389 1605 467 1648 Ita.

177 1713 181 1717 ,
237 1671 310 1714 So:
367 1672 543 1715 conare
572 1687 679 1730 ergo
701 1687 776 1715 me
808 1672 966 1716 eodem
996 1673 1132 1716 modo
1157 1673 1344 1715 edocere
1363 1671 1505 1729 qualis

123 1753 228 1797 pars
245 1739 355 1783 iusti
374 1740 432 1782 sit
447 1741 576 1797 pium
589 1757 604 1794 3
633 1748 684 1782 ut
712 1741 846 1784 etiam
869 1741 1082 1785 Melitam
1109 1755 1322 1784 moneam
1343 1755 1402 1781 ne
1424 1754 1506 1781 nos

124 1806 317 1864 amplius
337 1806 640 1865 laedatneque
654 1807 903 1865 impietatis
926 1815 1114 1862 accuset,
1131 1816 1183 1851 ut
1204 1808 1281 1865 qui
1299 1807 1401 1851 satis
1413 1807 1505 1850 iam

125 1873 202 1915 abs
219 1884 264 1917 te
287 1874 573 1917 didicerimus
595 1885 745 1918 sancta
766 1884 808 1918 et
829 1875 905 1932 pia
927 1884 972 1918 et
990 1875 1226 1918 contraria.

235 1941 324 1983 Ειι.
379 1942 498 1984 Haec
520 1942 658 1998 igitur
679 1942 792 1983 mihi
813 1942 995 1985 videtur
1021 1958 1125 1999 pars
1155 1942 1261 1985 iusti
1284 1957 1376 1984 esse
1394 1957 1501 1984 san-

126 2014 249 2050 ctum
273 2015 316 2048 et
335 2007 484 2064 pium,
509 2024 621 2064 quae
642 2009 696 2050 ad
719 2010 892 2052 cultum
910 2024 989 2050 seu
1009 2010 1289 2055 curationem
1307 2009 1505 2065 pertinet

125 2074 235 2116 dem
238 2089 312 2116 um
326 2106 338 2127 ‚
368 2089 480 2131 quae
500 2082 650 2116 autem
671 2075 726 2115 ad
746 2074 1011 2128 hominum,
1039 2089 1137 2118 eam
1150 2072 1380 2132 'reliquam
1396 2076 1503 2120 iusti

122 2151 298 2200 partem
321 2157 414 2185 esse
436 2142 549 2184 dico.

236 2211 307 2253 So
334 2208 528 2252 Pulchre
548 2217 591 2251 te
613 2200 727 2251 mihi
749 2211 1030 2267 respondisse
1048 2210 1500 2270 video,Euthyphro;

123 2277 198 2320 sed
227 2277 416 2335 paulum
447 2276 659 2334 quiddam
687 2275 830 2319 adhuc
864 2277 1088 2321 des1dero
1075 2311 1090 2332 ,
1135 2280 1301 2324 etenim
1331 2279 1502 2321 cultum

124 2360 202 2387 seu
231 2347 511 2388 curationem
541 2344 739 2386 nondum
781 2344 982 2401 intelligo
1029 2346 1207 2402 qualem
1238 2346 1365 2388 dicas.
1404 2362 1499 2388 non

127 2413 249 2454 enim
269 2412 399 2464 dicis,
429 2413 606 2471 opinor,
636 2411 785 2468 quales
808 2411 861 2453 ad
881 2412 966 2453 alia
986 2413 1215 2469 pertinent
1233 2414 1498 2465 curationes,

124 2483 257 2523 talem
280 2481 411 2523 etiam
435 2480 664 2538 pertinere
686 2479 740 2520 ad
761 2480 877 2521 deos.
895 2479 1083 2522 dicimus
1102 2480 1221 2523 enim
1243 2490 1362 2524 certe
1372 2481 1500 2523 verbi

126 2563 281 2591 causa:
312 2563 449 2605 equos
467 2562 561 2590 uon
580 2546 728 2603 quivis
758 2546 840 2591 scit
858 2550 1050 2599 [cur-are,
1070 2547 1155 2604 sed·
1168 2548 1394 2606 equitandi
1414 2565 1498 2607 pe«>

123 2615 259 2658 ritus:
286 2631 431 2658 aunon
444 2616 466 2657 ‘3

236 2683 323 2724 Ειι.
382 2684 447 2725 Ita
469 2691 545 2724 est.

238 2751 307 2793 So.
365 2751 607 2808 Equitandi
633 2751 752 2794 enim
774 2766 844 2793 ars
867 2750 1036 2793 curatio
1061 2758 1125 2793 cst
1146 2764 1376 2808 equorum.
