1702 2918
587 235 949 286 EPINOMIS:
1382 244 1444 289 2⁷

86 364 291 429 quocirca
311 359 554 408 animantia
574 374 634 404 ex
654 359 727 403 his
745 357 872 402 varia
890 355 1108 401 exsistere
1127 350 1453 407 dicendumest

83 451 221 495 eaque
241 435 596 490 inconspectum
618 427 835 472 cadentia.
870 425 1155 470 statuendum
1170 441 1279 472 vero
1300 425 1455 470 omnia

81 518 194 563 quae
222 500 272 544 i'n
299 500 420 545 caelo
451 497 539 542 sint
556 497 665 540 haec
689 511 783 538 esse
800 494 1097 538 animantium
1116 509 1303 551 genera,
1331 492 1462 551 quod>

82 571 265 629 quidem
287 567 551 612 universum
574 565 663 608 diei
675 559 851 624 oportet
861 562 1066 606 divinum
1079 577 1219 620 genus
1233 571 1457 605 astrorum

83 645 203 688 esse,
237 651 411 694 corpus
442 643 622 677 nactum
649 632 1010 692 pulcherrimum
1032 628 1335 687 ¹animumque
1351 630 1457 673 bea-

83 705 309 748 tissimum
341 712 385 747 et
411 703 646 762 optimum.
688 716 747 744 ex
777 694 945 742 duabus
964 695 1298 742 verosortibus
1321 698 1474 742 alterat

85 772 299 831 opinione
315 771 385 814 his
408 780 474 814 est
493 769 798 814 attribuenda:
829 776 906 811 aut
924 767 1045 810 enirn
1058 766 1265 811 interitus
1279 780 1460 824 expers,

84 839 342 893 immortale
369 853 640 898 prorsusque
669 837 877 881 divinum
908 834 1116 894 quodque
1144 835 1202 878 sit
1221 834 1357 893 plane
1374 849 1463 876 ne-

88 922 206 951 cesse
225 916 303 961 est,
330 916 408 967 aut
427 907 686 951 diuturnam
703 906 843 950 vitam
867 904 1074 963 quodque
1093 902 1228 946 habet
1238 916 1353 960 quae
1362 901 1465 943 cui-

89 992 177 1034 que
203 976 307 1020 satis
331 984 397 1018 est
415 984 465 1018 ut
486 974 738 1032 longiorem
754 973 896 1037 vitam
913 973 1092 1016 nullum
1110 970 1324 1028 umquam
1346 968 1466 1013 desi-

21 1050 27 1057 *
90 1046 231 1088 deret.
271 1042 605 1086 consideremus
632 1042 725 1085 ia'm
752 1042 957 1100 primum
989 1040 1110 1098 quod
1131 1038 1344 1091 dicimus,
1373 1036 1482 1080 duo>

92 1126 186 1153 esse
205 1108 731 1154 huiusmodianimantia.
759 1124 916 1152 rursus
936 1109 1058 1152 enim
1079 1107 1275 1152 dicamus
1294 1107 1342 1149 in
1354 1119 1469 1148 con-

90 1187 292 1236 spectum
327 1178 488 1220 cadere
520 1176 676 1230 ambo,
716 1191 860 1220 unum
881 1191 992 1220 vero
1011 1176 1142 1234 igne,
1180 1185 1233 1220 ut
1248 1174 1469 1226 videatur,

93 1253 238 1289 totum
259 1244 505 1298 contineri,
532 1244 723 1287 alterum
750 1239 897 1297 terra,
936 1252 980 1287 et
995 1236 1229 1288 terrenum
1245 1241 1372 1285 nullo
1390 1256 1470 1283 or-

92 1313 222 1364 dine,
251 1312 438 1370 igneum
459 1322 613 1356 contra
631 1312 756 1357 omni
777 1313 935 1355 ordine
957 1311 1146 1355 moveri.
1164 1312 1258 1355 iam
1277 1310 1326 1353 id
1347 1308 1473 1368 quod-

91 1380 217 1423 nullo
246 1379 405 1427 ordine
438 1389 670 1434 movetur,
706 1381 893 1424 rationis
925 1396 1090 1438 expers
1121 1379 1361 1441 dicendum
1390 1385 1474 1430 est,

94 1447 213 1505 quod
230 1447 479 1492 maximam
500 1458 678 1506 partem
698 1448 944 1504 animantia
961 1456 1114 1492 nostra
1131 1446 1318 1498 faciunt,
1350 1444 1473 1504 quod

93 1531 206 1558 vero
230 1514 389 1558 ordine
407 1516 459 1559 in
480 1517 600 1559 caelo
622 1517 909 1576 progreditur
918 1549 934 1568 ‚
973 1515 1021 1559 id
1040 1516 1240 1579 prudens
1263 1531 1357 1558 esse
1375 1514 1475 1572 ipse

96 1583 207 1626 ordo
225 1599 387 1642 magno
409 1593 672 1642 argumento
693 1594 786 1639 est3
815 1600 955 1642 quum
975 1585 1097 1627 enim
1117 1584 1274 1627 eodem
1294 1597 1476 1640 semper

97 1651 235 1695 modo
254 1652 564 1711 proficiscatur
587 1660 631 1695 et
651 1652 785 1697 faciat
804 1661 848 1696 et
865 1653 1084 1711 patiatur,
1131 1651 1236 1696 satis
1257 1650 1364 1695 inde
1381 1651 1477 1693 col-

97 1720 255 1777 ligitur
290 1720 442 1779 ipsum
481 1715 730 1778 prudenter
766 1720 938 1763 vivere.
988 1720 1128 1762 animi
1163 1735 1274 1764 vero
1299 1720 1478 1762 ratione

99 1788 306 1845 praediti,
325 1788 560 1831 necessitas
580 1787 783 1830 omnium
803 1789 1116 1832 necessitatum
1128 1788 1480 1847 longe-maxima

103 1856 214 1909 erit3
243 1856 408 1898 ducens
430 1855 566 1909 enim,
586 1870 678 1897 non
700 1855 831 1899 ducta
851 1856 971 1913 leges
993 1857 1247 1912 constituit3
1273 1865 1320 1900 et
1340 1872 1481 1914 quum

105 1923 278 1965 animus
308 1924 530 1981 optimum
559 1923 710 1968 statuit
730 1923 976 1967 secundum
995 1925 1215 1983 optimam
1241 1925 1482 1978 rationem,

104 1989 391 2032 immutabile
404 1991 492 2034 hoc
509 2006 618 2035 vere
636 1990 882 2034 secundum
892 1992 1115 2035 rationem
1125 1992 1375 2050 perficitur,
1397 2005 1483 2033 nec

107 2057 285 2101 adamas
311 2055 399 2099 hoc
426 2058 719 2115 praestantior
743 2067 787 2100 et
802 2059 1128 2102 immutabilior
1145 2073 1360 2115 umquam
1381 2057 1488 2110 erit‚·

109 2125 189 2169 sed
216 2138 376 2168 revera
402 2121 495 2168 tres
522 2124 687 2166 Parcae
717 2123 766 2165 id
796 2125 1072 2168 continentes
1103 2133 1393 2178 conservant,
1431 2133 1484 2169 ut:

108 2191 370 2252 perficiatur
391 2190 508 2248 quod
535 2190 705 2248 optimo
726 2190 911 2234 consilio
934 2200 1149 2236 statutum
1166 2190 1308 2236 fuerit
1322 2193 1484 2251 cuique

112 2260 316 2304 deorum.
361 2257 622 2301 hominibus
650 2273 760 2302 vero
787 2253 905 2303 astra
933 2268 977 2302 et
1006 2260 1270 2303 universum
1301 2262 1486 2305 cursum

110 2327 338 2372 rationem
365 2325 533 2369 habere
557 2334 818 2384 argumento
841 2343 933 2370 esse
952 2327 1136 2371 debebat
1154 2327 1242 2370 hoc
1264 2329 1386 2387 quod
1408 2343 1486 2371 ea-

116 2396 220 2438 dem
264 2409 441 2452 semper
476 2387 650 2436 faciunt
677 2395 784 2438 dum
810 2394 983 2438 faciunt
1017 2395 1126 2438 olim
1152 2395 1244 2438 iam
1271 2405 1487 2440 statutum

114 2463 336 2507 immenso
350 2470 453 2508 ante
472 2471 700 2520 tempore,
743 2478 836 2507 non
856 2471 1072 2520 vagantur
1093 2479 1364 2522 cursumque
1384 2480 1485 2508 mu-

117 2537 218 2572 tant
236 2530 373 2584 variis
391 2529 535 2572 modis
555 2530 792 2574 consilium
811 2531 1031 2574 mutantia
1053 2539 1096 2574 et
1107 2531 1242 2574 modo
1254 2532 1341 2575 hoc
1351 2532 1487 2576 modo

118 2596 234 2641 illud
261 2597 480 2641 facientia.
518 2606 562 2640 at
594 2597 819 2656 plerisque
846 2608 1049 2643 nostrum
1077 2599 1225 2657 ipsum
1255 2601 1351 2644 eius
1378 2594 1489 2644 con-

121 2663 313 2707 trarium
341 2665 485 2709 visum
509 2672 597 2716 est,
637 2675 753 2710 astra
775 2667 973 2710 animum
990 2682 1081 2709 non
1101 2665 1266 2709 habere
1285 2669 1390 2725 quia
1413 2683 1488 2709 ea-

133 2729 235 2777 dem
266 2741 310 2776 et
342 2731 499 2776 eodem
526 2733 658 2776 modo
679 2732 871 2789 saciant3
899 2735 961 2782 ita
978 2734 1284 2794 imprudentes
1306 2744 1489 2792 sequuta
