1734 2872
434 229 809 276 APOLOGIA
847 227 1504 276 SOCRAT12S.123

135 355 298 403 ciam?
318 364 446 403 nam-7
452 351 588 400 video
618 364 725 401 eum
743 346 989 407 pugnantia
1007 346 1162 405 loqui
1146 361 1196 391 m
1217 343 1510 407 accnsptione,

138 435 362 480 tamquam
390 421 432 483 si
457 420 600 463 dicat·
659 417 859 467 Socrates
889 414 1056 458 iniuste
1083 414 1218 469 facit,
1254 408 1395 472 quod
1408 411 1514 470 deos

137 507 231 536 non
251 489 430 542 statuit,
458 488 536 532 sed
561 486 679 545 quod
700 485 802 528 deos
822 482 988 527 statuit.
1018 482 1141 539 atqui
1165 482 1250 526 hoc
1271 490 1350 525 est·
1357 481 1515 524 iocan-

136 559 206 603 tis.
260 559 370 602 iam.
376 555 664 602 considerate
690 567 892 605 mecum,
928 550 1271 604 Athenienses,
1296 549 1518 608 quomodo

135 626 259 670 haec
276 626 429 673 dicere·
454 623 570 668 mihi
590 621 836 675 videat-ur„
859 629 903 672 at
922 629 972 663 tu
990 617 1215 677 responde
1237 617 1390 670 nobis,
1414 617 1519 660 Me-

67 730 98 740 .,,
135 694 230 739 lite.
278 709 366 742 <vos
392 701 565 750 autem,
600 690 648 734 id
676 690 798 752 quod
823 689 955 733 initio
983 702 1062 730 vos
1084 685 1265 743 rogavi,
1294 685 1520 729 memine-

135 762 233 804 iitis
275 762 388 807 mihi
436 776 529 804 non
569 759 853 817 obstrepere,
904 756 944 800 si
976 762 1190 811 consueto
1220 768 1352 824 inore
1381 753 1521 798 verba

135 828 315 876 faciam
890 875 894 879 ,

173 892 175 894 ’
245 895 385 940 Estne
422 891 665 939 hominum
703 893 888 951 aliquis,
941 892 1160 946 Melite,
1183 892 1263 951 qui
1301 883 1522 934 humanas

139 964 317 1028 quidem
344 966 476 1022 Putet
505 979 578 1007 res
613 977 734 1013 esse,
759 960 978 1004 homines
1012 970 1160 1004 autem
1190 966 1287 1003 non
1315 974 1425 1002 esse
1436 973 1522 1018 pu-

139 1032 237 1074 tet?
303 1024 614 1090 Respondeat,
659 1027 983 1080 Athenienses,
1029 1042 1196 1085 neque
1219 1027 1360 1071 alium
1391 1035 1525 1085 atque

139 1098 279 1142 alium
298 1100 544 1142 tumultum
554 1096 700 1140 faciat.
724 1096 866 1148 Estne
889 1095 967 1153 qui
980 1110 1121 1151 equos
1137 1094 1319 1151 quidem
1334 1096 1527 1138 nonsta-

140 1174 259 1219 tuat,
296 1165 368 1209 res
392 1170 551 1212 ‘autem
579 1164 840 1223 equestres?
882 1170 959 1205 aut
992 1163 1067 1220 qui
1090 1162 1296 1217 tibicines
1316 1178 1408 1217 non
1431 1171 1525 1205 sta-

139 1241 256 1283 tuat,
295 1249 368 1276 res
398 1231 509 1277 vero
538 1232 593 1274 ad
627 1230 822 1275 tibicinis
849 1239 989 1274 artem
1009 1227 1319 1288 pertinentes?
1375 1229 1525 1276 Nemo

90 1350 94 1357 f
142 1310 231 1344 esta
258 1301 331 1345 vir
353 1301 546 1360 optime:
583 1299 621 1341 si
640 1306 691 1341 tu
708 1313 803 1352 non
822 1296 891 1340 vis
917 1292 1218 1355 respondere,
1246 1307 1327 1355 ego
1348 1297 1431 1342 tibi
1454 1297 1527 1341 di-

87 1374 90 1376 ’
141 1370 237 1412 cam
273 1377 317 1412 et
347 1367 506 1411 ceteris
535 1365 831 1409 auditoribus.
873 1364 949 1407 sed
985 1363 1040 1406 ad
1072 1364 1157 1406 hoc
1175 1365 1295 1422 quod
1315 1365 1527 1424 deinceps

141 1436 342 1493 sequitur
363 1435 611 1493 responde:
652 1442 774 1476 estne
801 1433 879 1490 qui
903 1432 1136 1475 daemonia
1154 1447 1232 1476 seu
1252 1433 1406 1477 divina
1432 1448 1527 1476 esse

141 1511 306 1549 statuat
318 1537 332 1555 ‚
362 1505 600 1548 daemonas
619 1509 769 1549 autem
785 1515 868 1545 seu
885 1500 998 1550 deos
1013 1516 1108 1544 non
1126 1502 1324 1548 statuat?
1378 1502 1526 1546 Nemo

142 1579 221 1618 est.
256 1570 430 1629 ¹Quam
458 1572 574 1615 bene
602 1569 750 1617 fecisti
783 1568 903 1626 qnod
931 1570 1015 1613 vix
1044 1569 1229 1614 tandem
1254 1568 1527 1628 respondisti

140 1639 198 1682 ab
230 1638 357 1683 hisce.
386 1641 583 1685 coactus!
629 1654 737 1696 ergo
769 1637 1006 1685 daemonia
1031 1636 1140 1681 dicis
1165 1653 1240 1681 me
1264 1646 1528 1691 et‘statucre

140 1707 408 1762 et'docere,
446 1707 541 1750 sive
575 1706 808 1755 novaista
838 1721 917 1749 seu
936 1713 1114 1758 vetera.-
1153 1698 1274 1750 certe
1293 1705 1528 1750 daemonia

142 1781 286 1824 statuo
322 1775 578 1826 teiudice,
614 1774 752 1831 idque
794 1774 930 1821 etiam
964 1773 1015 1816 in
1045 1773 1340 1825 accusationis
1370 1773 1526 1817 libello

143 1841 434 1890 iureiurando
466 1842 769 1896 confirmasti;
805 1850 850 1885 at
872 1842 912 1884 si
930 1841 1166 1886 daemonia
1184 1850 1353 1898 statne,
1390 1842 1529 1890 etiam

147 1907 408 1963 daemonas,
450 1911 638 1968 opinor,
681 1924 708 1957 a
741 1924 818 1959 me
857 1909 991 1952 statui
1023 1925 1210 1968 prorsus
1232 1926 1423 1957 ¹necesse
1450 1918 1531 1965 est.

108 2011 110 2013 .
146 1991 299 2018 annon
344 1985 409 2019 est
448 1977 576 2021 ἱιειῖ)Η
606 1977 850 2029 Est.ve1·o;
896 1991 1024 2021 sumo
1056 1979 1179 2028 enim
1208 1987 1252 2031 te
1285 1977 1533 2030 affirmare,

147 2042 362 2100 quoniam
385 2058 477 2086 non
495 2042 755 2100 responde&
777 2042 871 2085 iam
891 2042 1131 2086 daemonas
1153 2059 1307 2092 nonne
1326 2052 1403 2086 aut
1426 2043 1531 2089 deos

147 2110 460 2156 existimamus
491 2118 568 2153 aut
595 2108 784 2152 deorum
817 2107 968 2151 filios?
1008 2110 1071 2154 ais
1107 2125 1165 2153 an
1187 2110 1355 2168 negas?
1411 2109 1531 2154 Sane

147 2177 343 2234 quidem.
400 2178 495 2222 Iam
517 2177 554 2220 si
578 2177 816 2220 daemonas
838 2189 932 2222 esse
951 2179 1108 2230 credo,
1123 2179 1186 2225 [ut
1202 2186 1251 2222 tu
1271 2178 1362 2231 ais,
1386 2178 1532 2236 siq,u1-'

149 2245 252 2289 dem
273 2245 340 2288 illi
360 2245 421 2287 dii
443 2244 624 2303 quidam
642 2252 775 2295 sunt,
814 2258 978 2294 verum
1007 2253 1072 2288 est
1093 2246 1210 2304 quod
1236 2246 1336 2289 dico
1357 2255 1402 2290 te
1419 2261 1530 2305 per-2

148 2313 284 2371 plexe
315 2313 441 2370 loqui
471 2322 515 2369 et
543 2312 684 2359 iocari
698 2339 711 2360 2
749 2311 900 2357 dicere
918 2311 1128 2357 videlicet
1149 2323 1193 2357 te
1216 2313 1320 2356 deos
1341 2329 1416 2359 me
1434 2329 1529 2358 non

151 2395 247 2422 esse
277 2389 510 2438 putantem
537 2396 691 2426 rursus
715 2394 808 2428 esse
825 2388 1010 2438 putare,
1030 2379 1153 2436 ,quia
1171 2380 1411 2433 daemonas
1433 2396 1530 2425 esse

150 2448 356 2500 credam;
400 2449 471 2491 sin
502 2448 572 2491 illi
603 2449 790 2492 deorum
819 2448 904 2493 filii
930 2446 1124 2505 ,quidam
1152 2458 1258 2493 sunt
1282 2448 1428 2506 spurii
1455 2448 1530 2492 vel

152 2527 213 2555 ex
235 2514 459 2571 Nymphis
487 2516 562 2558 vel
597 2530 656 2558 ex
692 2515 790 2559 aliis
811 2515 1071 2572 quibusdam
1091 2515 1299 2574 feminis,
1337 2530 1531 2573 quarum

153 2580 288 2623 etiam
323 2581 560 2634 dicuntur,
604 2599 714 2627 num
747 2583 981 2639 quisquam
1011 2583 1200 2630 deorum
1230 2583 1346 2626 filios
1380 2583 1530 2626 credat

156 2663 274 2699 esse,
312 2648 417 2690 deos
452 2657 599 2692 autem
635 2665 724 2691 non
756 2651 939 2692 credat?
976 2666 1115 2706 aeque
1144 2651 1262 2693 enim
1284 2650 1529 2693 absurdum

153 2714 199 2757 id
232 2714 394 2768 fuerit,
436 2730 484 2758 ac
516 2717 552 2758 si
583 2716 680 2773 quis
712 2716 931 2774 eqtiorum
958 2718 1133 2774 prolem
1166 2718 1317 2762 credat
1345 2733 1437 2759 esse
1459 2717 1529 2759 vel
