1734 2872
515 170 880 214 APOLOG1A
923 167 1277 212 socRA‘rIs.
1492 176 1584 213 133

198 291 301 345 m«,
327 301 416 333 'mo
442 288 614 332 ferietis
639 294 778 345 atque
794 287 947 345 Anyto
966 287 1196 345 obsequuti
1215 295 1386 331 temere
1407 286 1584 330 occide-

180 356 283 408 ⁶²5⁸,
336 364 437 400 tum
466 357 695 413 reliquum
721 363 900 413 tempus
927 355 1292 413 perdel-miscetis
1326 354 1586 412 nisi-quem

177 458 181 462 s
199 424 338 470 alium
359 424 470 470 deus
489 423 616 469 vobis
634 423 812 469 miserit
838 437 945 464 cura
962 429 1197 480 permotus
1224 423 1376 466 vestri.
1401 436 1474 464 me
1502 436 1587 465 au-

198 501 292 537 te‘m
322 491 458 538 talem
491 505 611 543 esse,
654 490 733 548 qui
761 505 787 532 a
819 491 904 533 deo
936 488 1106 532 civitati
1127 490 1253 532 datus
1266 490 1453 543 videar,
1477 489 1585 549 hipc

177 591 185 605 -.
198 574 465 618 cognoscere
497 558 732 617 poteritis3
778 558 949 602 etenim
979 573 1076 600 non
1106 557 1356 600 humanum
1386 556 1584 610 videtur,

199 627 421 685 quod‘eg'o
439 641 542 669 mea
564 625 718 678 omnia
739 626 921 683 neglexi
944 640 1105 683 resque
1126 625 1385 676 domesticas
1404 633 1473 668 tot
1490 625 1584 668 iam

178 739 180 741 ,
200 708 341 739 annos
355 694 608 753 pessumire
630 693 734 748 sivi,
754 700 948 736 vestram
974 701 1127 736 autem
1148 706 1248 736 rem
1267 693 1441 736 assidue
1456 706 1584 740 curo,
1623 730 1625 733 .

197 763 415 823 privatim
459 777 685 820 quemque
728 761 880 804 adiens
915 770 1145 818 tamquam
1175 769 1307 818 pater
1339 770 1415 804 aut
1442 759 1585 816 frater
1638 801 1645 804 ,

172 876 175 881 ,
197 831 370 886 maior,
408 837 453 874 et
473 831 528 874 ad
549 830 747 875 studium
765 829 1004 888 impellens
1025 829 1219 874 virtutis.
1261 828 1416 886 quodsi
1438 829 1585 871 ullum

174 929 183 936 ·
199 914 260 942 ex
289 915 342 944 ea
371 915 424 942 re
455 913 666 960 caperem
697 899 896 943 fructum
925 905 1003 940 aut
1034 898 1290 942 mercedem
1316 910 1585 954 quaererem

175 980 262 1009 -ex
298 965 368 1009 his
403 966 813 1018 adhortationibus,
862 966 1031 1022 aliquid
1066 980 1303 1022 sequerer3
1343 978 1465 1007 nuno
1493 961 1586 1021 ipsi

176 1063 180 1075 .
201 1031 389 1085 videtis„
416 1032 499 1077 hos
519 1043 821 1087 accusatores,
849 1049 989 1091 quum
1011 1034 1060 1076 in
1082 1033 1242 1078 ceteris
1262 1031 1472 1075 omnibu-s
1491 1039 1586 1075 tam

178 1099 492 1157 --impudenter
527 1101 802 1155 accusarint,
856 1109 1008 1144 tamen
1050 1115 1144 1144 non
1180 1115 1234 1143 eo
1274 1098 1584 1157 impudentiae

177 1168 494 1225 ‚processissm
542 1177 593 1211 ut
630 1169 896 1212 adhiberent
921 1170 997 1225 qui
1027 1175 1291 1218 testaretur,
1331 1181 1407 1209 me
1441 1166 1583 1208 ullam

174 1240 417 1290 v>umquam
437 1236 692 1280 mercedem
716 1246 795 1280 aut
815 1237 1016 1294 exegisse
1037 1243 1114 1279 aut
1132 1235 1442 1293 postulavisse.
1470 1247 1584 1276 con-

198 1311 270 1346 tra
300 1302 448 1355 enim,
485 1302 675 1360 opinor,
704 1303 919 1347 idoneum
949 1319 1031 1362 ego
1060 1302 1251 1346 adhibeo
1282 1309 1443 1347 testem
1472 1315 1582 1345 vera

199 1374 274 1414 me
294 1369 467 1423 dicere,
493 1380 822 1429 paupertatem.

308 1437 517 1481 Fortasse
555 1439 697 1496 igitur
726 1438 936 1482 mirabile
966 1439 1197 1494 videatur,
1246 1438 1394 1496 quod,
1442 1448 1582 1495 quum

195 1506 261 1550 ita
288 1505 504 1564 privatim
540 1522 766 1564 quemque
800 1507 985 1552 consilio
1016 1509 1172 1551 iuvem
1208 1507 1485 1550 circumiens
1512 1515 1581 1549 at·-

176 1587 288 1630 1que
326 1573 471 1616 aliena
507 1589 699 1629 curans,
750 1575 935 1632 publice
974 1591 1067 1619 non
1098 1576 1287 1619 audeam
1317 1575 1507 1633 prodire
1531 1575 1583 1617 i'n

176 1640 461 1697 concionem
491 1651 712 1696 vestram,
749 1651 800 1686 ut
830 1643 1018 1686 consilio
1046 1644 1203 1687 iuvem
1223 1644 1466 1687 civitatem.
1503 1641 1583 1684 sed

169 1708 294 1751 ⁸-eius
316 1710 386 1751 rei
407 1724 538 1752 causa
558 1720 648 1763 est,
673 1725 808 1767 quam
828 1726 909 1754 vos
931 1727 1064 1785 saepe
1084 1727 1109 1754 a
1127 1720 1202 1756 me
1226 1711 1459 1755 audivistis
1477 1725 1582 1769 pas—

174 1777 285 1820 -sim
319 1777 518 1830 dicente,
556 1778 763 1821 divinum
799 1779 1011 1836 quiddam
1037 1780 1151 1822 mihi
1174 1780 1433 1837 obtingere,
1461 1777 1582 1835 quod

199 1843 334 1886 etiam
360 1845 412 1887 in
438 1845 603 1903 scripta
638 1847 916 1890 accusatione
940 1863 1023 1890 sua
1042 1849 1226 1892 Melitus
1260 1847 1432 1891 derisit.
1464 1844 1581 1889 mihi

200 1925 310 1953 vero
342 1911 456 1954 illud
479 1913 571 1955 iam
590 1928 617 1956 a
637 1926 782 1971 puero
805 1914 954 1958 audiri
974 1925 1183 1974 coeptu-m
1205 1925 1295 1968 est,
1328 1930 1423 1957 vox
1443 1927 1582 1971 quae-

201 1977 330 2030 dam,
365 1993 476 2033 quae
507 1993 647 2034 quum
678 1981 884 2032 auditur,
926 1997 1106 2040 semper
1134 1986 1317 2026 'revocat
1346 1996 1420 2023 me
1453 1980 1506 2021 ab
1526 1993 1581 2020 eo

174 2073 176 2078 2
202 2044 324 2101 quod
363 2043 483 2088 forte
510 2045 711 2088 tacturus
742 2062 869 2099 sum,
913 2048 1107 2105 impellit
1133 2059 1285 2092 autem
1317 2061 1580 2104 numquam.

199 2112 338 2169 idque
367 2121 433 2155 est
461 2111 582 2170 quod
611 2111 724 2155 mihi
756 2115 1019 2159 adversatur
1050 2130 1108 2158 ne
1141 2115 1468 2173 rempublicam
1486 2124 1582 2158 tra-—

201 2189 345 2232 ctem3
390 2195 441 2221 ac
480 2179 788 2237 pulcherrime
817 2181 1042 2225 adversari
1079 2182 1194 2226 mihi
1223 2184 1420 2226 videtur.
1474 2172 1580 2226 nam

200 2247 427 2306 profectO,
461 2247 781 2300 Athenienses,
822 2250 859 2292 si
880 2263 961 2307 ego
982 2249 1160 2308 pridem
1184 2265 1416 2309 aggressus
1436 2245 1581 2294 essem

201 2316 252 2358 in
274 2331 344 2359 res
366 2316 517 2359 civiles
538 2315 827 2369 incumbere,
867 2318 1043 2376 pridem
1064 2320 1308 2376 perissem,
1337 2333 1482 2376 neque
1505 2327 1582 2361 aut

202 2383 333 2428 vobis
356 2383 559 2429 utilitatis
583 2385 818 2441 quicquam
852 2386 1099 2429 attulissem
1128 2395 1205 2430 aut
1232 2387 1441 2430 mihimet
1475 2387 1580 2445 ipsi.

204 2457 251 2492 at
277 2465 336 2493 ne
364 2461 617 2494 succensete
646 2451 760 2496 mihi
778 2467 887 2497 vera
910 2454 1099 2509 dicenti:
1127 2470 1262 2498 nemo
1282 2455 1403 2498 enim
1425 2454 1582 2497 homi-

202 2532 316 2560 num
344 2519 492 2562 salvus
526 2521 611 2563 erit
649 2520 727 2577 qui
759 2530 836 2565 aut
858 2522 985 2564 vobis
1008 2531 1083 2566 aut
1102 2525 1368 2580 cuicumque
1390 2522 1465 2566 alii
1493 2538 1582 2579 po—

206 2585 317 2642 pulo
350 2586 544 2642 ingenue
571 2589 834 2632 adversetur
865 2591 1096 2646 multaque
1128 2599 1285 2634 contra
1302 2591 1441 2633 iuset
1463 2591 1582 2645 leges

206 2653 256 2696 in
282 2653 458 2698 civitate
479 2654 579 2698 fieri
601 2656 859 2713 prohibeat,
896 2657 971 2699 sed
993 2672 1169 2701 necesse
1199 2667 1265 2703 est
1283 2673 1390 2703 vere
1408 2672 1583 2717 pugnat
