1702 2918
602 171 976 246 remonis.
1341 188 1343 191 ’
1421 208 1481 248 33

104 320 238 375 viis'ey
246 335 390 374 nsum
406 312 617 367 omnibns
633 315 872 380 generibus
883 315 1031 377 quoad
1046 316 1145 364 eius
1153 318 1253 363 fieri
1265 321 1487 380 potuerit,'

36 425 37 428 η
76 447 79 450 Α
105 388 312 466 omnibus
333 387 473 434 vitam
483 384 654 445 nactis3
679 388 879 433 secunda
891 402 1005 431 ver-o
1018 396 1061 433 et
1072 389 1205 430 tertia
1217 397 1260 432 et
1272 385 1430 446 quarta
1440 396 1487 449 et

102 454 256 513 quinta
277 456 392 502 inde
403 473 428 499 a
449 458 675 502 deorum
660 471 711 500 m
729 463 1017 514 conspectum
1035 454 1291 500 cadentium
1314 466 1417 501 ortu
1431 458 1498 501 in·

99 538 180 565 nos
201 523 409 568 homines
428 526 646 571 desinere.
673 539 725 569 ac
744 525 801 568 de
825 523 913 566 diis
932 522 1130 590 quidem,
1159 524 1282 578 Iove,
1310 526 1487 568 Iunone

99 587 375 648 leliquisque
405 584 664 647 omnibus,
679 592 1073 651 quemadmodum
1087 582 1247 647 aliquis
1275 594 1486 651 voluerit,

99 658 164 701 ita
200 660 446 704 secundum
480 663 670 706 eandem
692 660 873 704 statuite
896 660 1043 716 legem
1070 666 1115 701 et
1133 656 1190 700 fn·
1183 673 1314 700 mam
1334 669 1484 704 teneto

98 725 216 770 hanc
235 730 472 772 rationem.
501 729 691 772 deorum
713 728 835 771 enim
852 727 900 769 in
914 734 1201 785 conspectum
1213 726 1486 780 cadentium,

98 796 422 848 maximorum,
454 796 627 839 honore
648 796 1019 854 dignissimorum
1042 800 1087 836 et
1100 793 1356 836 acutissime
1381 811 1484 838 cer-

98 863 308 907 nentium
327 854 692 922 quoquoversus,
743 864 919 922 primos
946 863 1053 906 diei
1069 870 1249 920 oportet
1280 871 1397 905 astra
1437 871 1500 907 et*

99 945 404 993 quaecumque
437 947 541 975 cum
568 932 641 976 his
679 932 992 989 cognoscimus
1022 928 1270 982 exstitisse,
1317 945 1488 973 secun-

101 994 210 1043 dum
243 998 327 1040 hos
355 1009 398 1042 et
417 1001 498 1042 sub
518 999 586 1042 his
607 992 818 1056 deinceps
839 999 1104 1047 daemones,
1120 994 1309 1039 aerium
1329 1006 1488 1054 genus3

99 1065 252 1108 sedem
294 1066 501 1109 obtinens
531 1067 712 1110 tertiam
744 1074 789 1108 et
820 1065 1045 1114 mediam,
1093 1062 1491 1120 inteipretationis

100 1148 279 1176 causam
292 1164 306 1187 ,
346 1149 404 1191 pl
406 1134 555 1180 eoibus
577 1132 846 1201 cumprimis
867 1133 955 1176 coli
973 1138 1154 1190 oportet
1170 1127 1350 1173 faustae·
1362 1147 1487 1174 nun-

99 1201 303 1243 ciationis
326 1201 493 1256 grafia3
521 1192 714 1243 duorum
731 1214 842 1243 vero
862 1199 1027 1242 horum
1050 1197 1364 1248 animantium,
1388 1199 1487 1242 eius
1532 1230 1533 1233 ,

100 1267 241 1324 quod
254 1281 315 1310 ex
343 1266 524 1309 aethere
552 1276 597 1310 et
628 1262 838 1324 deinceps
861 1267 955 1309 eius
979 1263 1100 1321 quod
1125 1279 1183 1306 ex
1205 1264 1308 1306 aere
1327 1265 1488 1311 fictum

97 1335 179 1387 sit,
215 1342 453 1391 utramque
482 1350 577 1379 non
609 1343 754 1378 totum
790 1334 841 1376 in
872 1339 1162 1391 conspectum
1190 1333 1375 1386 cadere,
1422 1341 1488 1388 et‚¹

98 1401 275 1445 etiamsi
310 1417 457 1460 prope
487 1403 675 1455 nos-sit,
724 1411 876 1446 tamen
904 1400 1314 1444 noncmanifestum
1349 1401 1485 1444 nobis
1517 1415 1519 1417 ·

98 1468 226 1511 fieri„
240 1467 351 1512 haee
363 1484 473 1512 vero
485 1469 829 1527 intelligentiam
840 1479 967 1513 nacta
979 1467 1301 1521 admirandam,
1317 1469 1489 1527 quippe

99 1550 213 1592 quae
232 1537 408 1593 generis
431 1537 519 1581 sint
542 1537 700 1582 docilis
716 1535 778 1581 vac
799 1533 1016 1581 memoris
1031 1569 1043 1590 ,
1084 1550 1350 1593 cognoscere
1374 1537 1490 1587 uni-j

98 1618 277 1646 versam
297 1611 494 1648 nostram
523 1613 726 1649 mentem
746 1605 969 1658 dicamus,
999 1613 1043 1648 et
1058 1604 1300 1647 honestum
1321 1619 1381 1646 ex
1401 1619 1488 1648 no-·.

99 1669 169 1712 bis
197 1671 483 1729 ⁴bonumque
517 1673 655 1716 simul
696 1673 890 1718 mirifice
922 1673 1109 1730 diligere
1151 1672 1282 1716 valde
1310 1670 1488 1716 malum

100 1753 212 1781 vero
237 1739 396 1792 odisse,
419 1750 472 1784 ut
493 1756 606 1798 quae
626 1741 782 1785 dolore
801 1751 898 1786 tum
912 1741 1186 1795 afficiantur3
1214 1740 1349 1782 deum
1360 1739 1487 1782 enim
1538 1769 1541 1771 -

102 1805 280 1849 divinae
315 1809 445 1851 sortis
477 1809 802 1867 perfectionem
839 1810 1050 1867 adeptum
1077 1809 1132 1851 ab
1154 1808 1242 1859 his,
1262 1807 1418 1850 dolore
1441 1814 1488 1850 et

102 1872 301 1929 gaudio‚‘
319 1874 515 1918 alienum
528 1908 539 1929 ‚
578 1878 845 1935 prudentiae
865 1893 974 1920 vero
994 1886 1038 1921 et
1058 1875 1328 1934 cognitionis
1346 1891 1488 1932 pror-

102 1955 176 1981 sus
201 1941 468 2000 partiujpem
491 1959 598 1988 esse.
633 1946 824 1990 ‘caelum
846 1954 996 1989 autem
1022 1960 1164 2002 quum
1184 1943 1488 1986 animantibus

101 2006 327 2049 refertum
349 2019 474 2061 esset,
506 2013 742 2055 daemones
770 2014 992 2055 exstitisse
1015 2014 1287 2069 interpretes
1304 2019 1392 2051 tam
1407 2009 1490 2050 in·-

101 2082 172 2115 ter
193 2089 263 2124 se,
294 2089 430 2130 quam
449 2091 731 2120 summorum
752 2081 943 2121 deorum
965 2080 1169 2120 omnium
1193 2076 1490 2132 omniumque

104 2141 432 2194 animantium,
482 2143 703 2200 siquidem
745 2142 893 2186 media
928 2143 1172 2187 animantia
1201 2141 1406 2186 ferantur
1434 2143 1490 2186 ad

103 2215 274 2250 terram
293 2215 526 2266 totumque
546 2211 722 2253 caelum
741 2212 830 2254 levi
854 2212 1012 2268 agitata
1022 2219 1162 2254 motu.
1189 2210 1398 2267 quintum
1411 2227 1494 2268 geffi

103 2289 188 2316 nus
219 2274 469 2321 semideum
505 2277 645 2335 idque
680 2279 874 2336 aquatile
910 2287 1030 2321 reete
1063 2279 1161 2336 quis
1193 2279 1402 2321 coniiciat
1432 2293 1493 2324 ex

52 2355 54 2359 ·
107 2355 223 2397 aqua
242 2350 392 2385 ortum
413 2359 530 2397 esse,
560 2353 604 2387 et
629 2346 714 2387 hoc
739 2362 832 2389 esse
855 2346 992 2388 modo
1014 2344 1333 2403 adspectabile,
1359 2345 1492 2388 modo

107 2408 405 2466 occultatum,
462 2413 752 2456 manifestum
793 2424 944 2458 autem
983 2429 1030 2455 se
1058 2413 1280 2471 praebens
1308 2421 1494 2470 propter

106 2484 290 2521 tenuem
310 2479 507 2534 speciem
533 2481 870 2524 admirationem
893 2496 1094 2523 movere.
1131 2480 1201 2521 his
1220 2480 1358 2536 igitur
1381 2494 1493 2536 quae

107 2557 218 2601 vere
239 2552 369 2586 ¹>sunt
401 2548 603 2605 quinque
629 2548 942 2591 animantibus.
960 2547 1378 2604 quomodocumque
1409 2562 1496 2588 110·-

109 2618 252 2654 strum
287 2611 448 2667 aliquis
482 2609 664 2668 incidit,
715 2616 809 2659 sive
840 2631 923 2673 per
946 2630 1156 2657 somnum
1177 2615 1403 2656 somnians
1433 2614 1497 2661 eis

111 2679 325 2732 occurrit,
354 2680 448 2723 sive
467 2696 550 2739 per
573 2683 725 2727 omina
746 2691 789 2727 et
811 2683 1170 2733 vaticinationes,
1202 2682 1297 2725 sive
1319 2681 1367 2724 iu
1391 2696 1496 2723 nar-

115 2749 229 2788 Tom.
262 2749 380 2789 VIII.
1080 2752 1112 2790 C
