1760 2898
640 147 1100 214 JsUTHYPHRO.
1504 159 1564 197 83

179 264 368 317 >flebilia
389 263 660 315 fabricabat,
689 276 775 320 ego
792 273 942 307 autem
960 273 1142 322 praeter
1155 281 1271 318 mea,
1300 275 1353 310 ut
1373 267 1568 324 videtur,

189 334 325 393 etiam
355 333 512 378 aliena.
553 345 603 378 ac
638 330 857 374 nimirum
884 331 975 374 hoc
1005 341 1069 375 est
1108 333 1158 376 in
1186 343 1282 378 arte
1313 349 1413 378 mea
1448 337 1568 394 lepi—

189 401 444 451 dissimum,
483 400 603 457 quod
633 397 802 456 invitus
841 400 1016 456 sapiens
1047 415 1173 455 sum3
1212 411 1413 460 optarem
1443 404 1568 448 enim

189 468 306 512 dicta
338 467 453 513 mihi
480 482 673 512 manere.
697 475 829 525 atque
851 466 1103 509 immobilia
1126 469 1385 522 consistere,
1413 471 1565 528 potius

187 552 321 594 quam
343 550 447 579 cum
468 534 651 577 Daedali
676 534 838 592 peritia
865 532 1043 576 Tantali
1066 549 1170 592 opes
1192 538 1402 580 nancisci.
1433 553 1485 581 ac
1509 540 1566 582 de

185 603 256 647 his
279 603 457 660 quidem
487 600 606 645 satis,
638 602 846 658 quoniam
873 616 983 644 vero
1008 609 1057 644 tu
1086 602 1200 644 mihi
1218 603 1568 651 viderisremit-

185 679 304 723 tere,
333 670 429 727 ipse
450 677 598 712 tecum
618 669 808 712 studebo
840 669 1100 722 ostendere,
1130 672 1355 726 quomodo
1377 674 1484 730 quid
1507 675 1567 717 sit

184 739 315 796 pium
336 753 411 780 me
440 737 604 780 docere
632 735 798 793 p‘ossis3
827 745 872 780 at
900 752 959 779 ne
993 745 1093 779 ante
1126 736 1305 780 desistas
1333 755 1564 796 quaerere.

187 805 421 848 considera
442 819 572 861 ergo:
602 818 752 865 nonne
781 818 962 847 necesse
979 804 1062 847 tibi
1087 805 1266 848 videtur
1285 821 1418 849 omne
1438 807 1566 865 pium
1584 827 1595 831 ··

182 872 309 918 idem'
328 883 424 915 esse
442 870 610 914 iustum
623 869 645 913 ?

294 940 387 984 Ειι.
442 937 560 981 Mihi
585 929 767 996 quidem
786 939 850 981 ita
869 939 1062 983 videtur.

295 1006 365 1064 So.
404 1006 525 1049 Num
540 995 650 1049 {sero
675 1006 808 1049 etiam
827 1021 961 1048 omne
980 1007 1147 1048 iustum
1169 1005 1296 1063 pium
1311 1006 1333 1049 ¹?
1356 1020 1412 1050 an
1434 1006 1564 1066 pium

182 1073 364 1129 quidem
396 1089 532 1116 omne
561 1072 751 1126 iustum,
786 1072 955 1116 iustum
985 1087 1095 1116 vero
1125 1087 1217 1116 non
1251 1089 1385 1117 omne
1418 1077 1564 1134 pium,

180 1141 256 1183 sed
277 1141 450 1198 partim.
462 1141 588 1198 pium
602 1172 614 1193 ‚
642 1139 810 1198 partim
829 1142 948 1184 aliud
972 1139 1114 1198 quid?

290 1204 384 1251 Eu.
439 1204 544 1250 Non
566 1221 802 1264 assequor,
830 1208 1040 1260 Socrate,
1072 1208 1192 1263 qnod
1218 1207 1340 1251 dicis.

294 1275 367 1318 So.
422 1274 481 1317 Et
501 1282 650 1317 tamen
671 1273 827 1317 iunior
852 1290 925 1317 me
952 1290 996 1316 es
1015 1281 1139 1316 tanto
1155 1306 1167 1327 ‚
1197 1282 1363 1331 quanto
1383 1275 1563 1333 sapien*

179 1341 292 1392 tim-‚-
323 1350 389 1393 at‚
419 1350 471 1385 ut
503 1341 623 1395 dixi,
659 1342 850 1385 remittis
871 1356 980 1399 prae
1007 1339 1278 1385 abundantia
1300 1342 1559 1399 sapientiae.

180 1422 329 1466 age,⁴o
352 1408 493 1463 beate,
516 1410 757 1463 contende3
785 1422 930 1466 neque
953 1408 1075 1451 enim
1099 1407 1277 1452 difficile
1298 1417 1362 1451 est
1383 1411 1561 1467 perspi—

177 1491 282 1519 cere
303 1491 415 1534 quae
434 1477 542 1520 dico.
564 1477 660 1521 dico
675 1478 796 1520 enim
817 1485 971 1520 contra
986 1490 1121 1533 quam
1140 1484 1272 1533 poeta
1291 1476 1355 1518 sic
1374 1491 1533 1519 canens
1547 1495 1560 1520 ε

232 1545 312 1587 De
335 1544 472 1589 Iove
498 1545 595 1603 qui
621 1555 676 1590 et
705 1544 847 1589 haec
875 1545 1022 1587 iecit
1047 1552 1099 1587 et
1132 1557 1319 1587 omnes
1347 1559 1439 1587 res
1471 1559 1559 1602 gez

839 1611 1078 1656 neravit

232 1678 443 1722 Dicere
484 1687 546 1723 tu
581 1695 694 1724 non
736 1682 853 1732 vis3
896 1680 990 1723 ubi
1038 1677 1188 1722 enim
1227 1678 1410 1721 timor
1445 1685 1560 1734 est,'

835 1746 1025 1806 pudor
1054 1746 1203 1790 haud
1231 1746 1402 1788 deest.

179 1829 260 1871 ego
272 1815 412 1871 igitur
424 1814 478 1857 ab
488 1814 574 1858 hoc
588 1826 718 1874 poeta
728 1816 941 1860 dissentio
954 1831 968 1870 3
991 1828 1047 1856 an
1061 1814 1206 1857 dicam
1219 1813 1301 1856 tibi
1315 1812 1556 1870 quatenus?

287 1882 377 1925 Ea.
436 1883 551 1926 Sane
571 1883 763 1940 quidem.

290 1948 362 1990 SO-
418 1950 521 1997 Non
549 1951 728 1994 videtur
758 1951 899 2002 mihi,
930 1950 1007 1992 ubi
1031 1950 1170 1992 timor
1201 1956 1289 1997 est,
1331 1945 1394 1987 ibi
1419 1945 1555 1990 etiam

179 2011 328 2070 pudor
361 2029 452 2057 esse
465 2033 485 2069 3v
517 2032 621 2059 nam
646 2018 776 2060 multi
807 2018 919 2059 mihi
950 2017 1185 2067 videntur,
1224 2023 1266 2055 et
1304 2013 1483 2055 morbos
1511 2021 1559 2056 et·

177 2090 457 2137 paupertates
483 2083 654 2139 aliaque
684 2085 824 2126 multa
851 2081 1106 2135 huiusmodi
1136 2079 1366 2131 timentes,
1394 2081 1555 2122 timere

177 2148 384 2203 quidem,
414 2150 488 2191 sed
524 2151 712 2193 minime
753 2165 824 2191 eos
867 2150 1008 2206 pudet
1035 2160 1192 2190 eorum
1224 2160 1336 2204 quae
1366 2146 1550 2199 timent3

176 2230 328 2258 nonne
351 2216 431 2273 tibi
458 2232 634 2274 quoque
657 2216 862 2260 videtur?

287 2283 375 2326 Eu.
433 2283 547 2327 Sane
569 2284 762 2342 quidem.

289 2350 359 2393 So.
415 2351 475 2394 At
505 2352 581 2394 ubi
612 2360 676 2394 est
703 2350 875 2410 pudor,
916 2349 1025 2392 item
1056 2349 1193 2392 timor
1227 2347 1406 2391 videtur
1435 2362 1551 2399 esse;

179 2425 300 2458 estne
323 2418 443 2461 enim
465 2420 648 2477 aliquis,
680 2419 754 2476 qui
785 2418 851 2461 rei
872 2418 1131 2474 cuiusquam
1164 2417 1336 2473 pudore
1355 2422 1398 2456 et
1420 2429 1550 2455 vere-

178 2484 336 2525 cundia
349 2495 496 2530 motus
507 2503 595 2529 non
607 2486 818 2530 formidet
829 2501 878 2527 ac
889 2486 1042 2527 timeat
1053 2483 1352 2542 improbitatis
1363 2480 1550 2523 famam?

287 2551 377 2594 Eu.
437 2555 589 2597 Timet
622 2565 755 2598 certe.

288 2618 358 2660 So.
415 2621 569 2680 Itaque
588 2638 678 2666 non
701 2629 820 2666 recte
841 2619 1034 2664 dicitur:
1067 2619 1140 2660 ubi
1173 2618 1294 2659 enim
1316 2616 1448 2658 timor
1471 2621 1562 2666 est„

1156 2685 1188 2724 l?
1221 2700 1241 2725 2
