1696 2898
604 178 990 221 LACHES.
1385 188 1479 226 527

296 269 462 359 ,Ego
482 298 611 350 san03
640 294 821 342 videtur
843 296 964 343 enim
991 294 1105 341 mihi
1123 293 1200 346 ita,
1225 293 1418 341 Socrate.

231 369 303 413 So.
360 369 546 420 Nonne,
583 362 648 408 mi
677 365 875 424 optime,
915 360 1049 407 etiam
1087 358 1303 406 fortitudo
1331 360 1487 410 rernm

119 436 509 482 formidolosarum
540 443 583 477 et
612 434 709 476 sine
739 434 904 478 timore
937 431 1266 477 subeundarum
1305 432 1490 476 scientia

121 513 197 559 est,
220 512 270 557 nt
297 502 438 546 dIcis‘?
466 502 619 544 itane?

232 568 314 615 Ni.
368 566 534 613 Etiam.

232 647 306 691 So.
363 643 671 694 Fonnidolosa
698 655 845 689 autem
879 653 923 688 et
953 642 1051 687 sine
1079 646 1244 690 timore
1263 649 1492 694 subeunda

123 714 420 758 concessimus
451 714 528 758 illa
559 712 739 772 quidem
762 726 855 756 esse
881 713 1002 756 mala
1025 711 1203 767 futura,
1240 714 1350 759 haec
1383 733 1495 762 velo
1521 765 1528 781 x

122 783 241 825 bona
265 779 430 826 futura.
895 795 898 798 ’

113 857 119 863 ’
232 846 319 892 Νἱ
374 852 490 894 Sane
517 845 712 905 quidem.

236 925 307 975 So.
360 924 561 974 Eandem
583 936 693 972 vero
716 926 944 972 scientiam
969 927 1219 975 eorundem
1247 943 1345 974 esse·
1359 938 1403 974 et
1419 931 1497 974 fu-

125 1004 332 1041 tutorum
351 1007 395 1042 et
415 997 539 1040 omni
562 1013 609 1040 se
631 997 763 1040 modo
784 995 1058 1039 habentium.

237 1072 321 1120 Ni.
377 1073 490 1120 Sunt
508 1077 604 1122 ista>

240 1152 315 1199 So.
365 1156 414 1209 N
417 1170 474 1198 on
496 1158 639 1199 solum
662 1154 798 1212 igitup
826 1149 1226 1206 formidolosorum
1253 1163 1296 1198 et
1315 1155 1420 1204 ,sine
1442 1157 1501 1199 ti-

128 1236 258 1266 more
288 1222 626 1266 subeundorum
664 1213 880 1265 fortittido
909 1220 1092 1273 scientia
1127 1218 1215 1275 θεὴ
1262 1216 1354 1266 non
1379 1223 1503 1268 enim

127 1288 283 1334 futura
301 1295 472 1332 tantum
490 1286 608 1333 bona
631 1299 673 1333 et
695 1287 811 1332 mala
831 1289 1087 1346 cognoscit,
1118 1286 1196 1332 sed
1215 1286 1348 1332 etiam
1369 1283 1503 1348 prae-

130 1358 273 1401 sentia
301 1366 346 1401 et
362 1357 605 1416 praeterita
633 1366 677 1401 et
708 1352 834 1399 o'mni
862 1370 909 1398 se
934 1354 1071 1399 modo
1105 1342 1340 1423 habentia,
1376 1358 1505 1403 sicuti

131 1425 332 1483 reliquae
351 1419 573 1468 scientiae.

240 1488 322 1537 Νἰ.
376 1486 569 1536 Videtur
591 1507 708 1536 sane.

243 1565 318 1615 So.
373 1566 551 1612 Partem
570 1565 710 1625 igitur
734 1569 832 1612 fere
850 1566 1031 1614 tertiam
1048 1564 1341 1622 fortitudinis,
1361 1561 1507 1624 Nicia‚'

114 1632 264 1681 *nobis
293 1633 587 1694 respondisti,
635 1648 906 1693 quamquam
946 1636 1386 1691 interrogaveramus
1415 1646 1508 1681 tota

134 1698 352 1747 fortitudo
384 1698 492 1760 quid
526 1711 651 1745 esset.
690 1712 823 1760 atque
844 1717 993 1754 nunc,
1028 1701 1311 1765 ut·videtu1·,
1350 1717 1410 1746 ex
1430 1703 1529 1748 tua.

139 1769 342 1813 oratione
378 1783 471 1812 non
510 1769 656 1813 solum
698 1769 1093 1813 formidolosorum
1137 1776 1182 1812 et
1218 1767 1316 1812 sine
1345 1770 1510 1814 timore

141 1836 397 1880 subeundm
401 1847 478 1878 um
501 1836 697 1897 scientia
713 1835 800 1879 erit
819 1832 1057 1890 fortitudo,
1095 1835 1169 1879 sed
1188 1836 1390 1880 omnium
1412 1830 1510 1881 fere

137 1905 359 1947 bonorum
379 1903 662 1947 etmalorum
684 1891 895 1961 omnique
917 1896 1053 1948 modo
1078 1919 1126 1947 se
1142 1902 1428 1955 habentium,
1457 1914 1511 1949 ut

139 1986 260 2014 nunc
278 1975 431 2014 'rursus
452 1971 530 2024 ais,·
557 1969 776 2015 fortitudo
797 1971 898 2013 erit
925 1969 1060 2026 itane,
1080 1985 1138 2014 an
1160 1971 1382 2029 quomodo
1396 1971 1506 2017 dicis

142 2037 406 2081 sententiam
427 2045 470 2081 te
496 2047 619 2082 tuam
638 2045 827 2090 mutare,
855 2034 1017 2081 Nicia?

186 2164 189 2166 v
253 2102 337 2149 Ni.
395 2106 461 2148 Ita
480 2103 594 2148 mihi
617 2105 809 2158 videtur,
838 2102 1035 2150 Socrate.

256 2179 331 2227 So.
387 2179 481 2226 Iam
502 2180 680 2227 videtur
696 2180 792 2237 tibi,
813 2198 840 2226 o
859 2182 987 2237 bone,
1009 2183 1158 2241 aliqua
1168 2184 1333 2228 virtute
1347 2185 1508 2230 huius-

144 2251 266 2295 modi
287 2249 422 2293 homo
443 2248 568 2293 defici
581 2283 592 2303 ,
629 2250 707 2307 qui
726 2249 832 2295 sciat
853 2248 1003 2293 omnia
1021 2252 1140 2294 bona
1161 2260 1204 2294 et
1224 2247 1507 2296 omni-‘modo

147 2314 368 2375 quomodo
389 2312 478 2359 sint
495 2322 538 2360 et
560 2316 711 2360 futura
740 2317 828 2362 sint
849 2328 892 2362 et
911 2318 1105 2371 fuerint,
1145 2319 1341 2376 itemque
1360 2321 1508 2363 mala?

150 2393 194 2426 et
222 2383 343 2427 hunc
372 2383 597 2428 arbitraris
629 2395 678 2428 iu
706 2400 858 2434 carere
884 2386 1179 2443 temperantia
1209 2395 1253 2430 et
1275 2385 1441 2430 iustitia
1467 2397 1510 2430 et

149 2451 389 2504 sanctitate,
416 2452 465 2494 in
488 2467 621 2509 quem
649 2453 796 2496 solum
816 2453 940 2496 eadat
958 2454 1132 2496 ratione
1152 2454 1338 2497 deorum
1358 2465 1402 2498 et
1422 2455 1508 2496 ho-

150 2518 326 2562 minum
359 2534 432 2562 res
461 2518 772 2563 formidolosas
803 2518 1130 2578 contrariasque
1153 2535 1310 2564 cavere
1329 2531 1380 2576 et
1397 2522 1508 2564 bona

153 2585 237 2629 sibi
255 2599 535 2644 comparare,
565 2585 734 2644 quippe
751 2588 827 2643 qni
847 2588 954 2631 sciat
975 2595 1095 2632 recte
1116 2588 1170 2631 iis
1190 2589 1255 2631 uti
1270 2591 1292 2629 ’ἓ

263 2651 346 2696 Ni.
400 2653 563 2696 Dicere
581 2651 760 2711 aliquid,
789 2654 981 2710 Socrate,
1012 2654 1125 2700 mihi
1149 2656 1329 2699 videris.
