1734 2872
728 197 1052 251 σιἰΙΤο.
1486 215 1578 258 179

205 330 359 374 eodem
389 343 597 374 sermone
623 326 832 381 suadere,
864 336 915 370 ut
941 326 1047 371 hinc
1075 327 1204 371 exire
1224 321 1435 371 debeam
1424 322 1580 374 invitis

201 397 577 448 Atheniensibus,
598 410 710 451 ¹nam
734 410 816 452 ego
839 409 1049 452 magnum
1073 395 1254 448 ducam,
1277 395 1316 438 si
1338 410 1577 461 persuase-¹

199 467 262 509 1is
283 466 396 508 mihi
417 473 468 507 ut
490 464 599 507 haec
622 462 784 506 faciam
797 495 812 514 ‚
854 462 990 506 modo
1010 478 1068 506 ne
1088 463 1270 506 nolenti.
1307 457 1456 521 itaque
1470 465 1574 508 vide

200 533 474 576 deliberandi
501 523 780 589 principium
813 529 899 574 hoc
931 546 989 573 an
1016 530 1120 573 satis
1146 530 1228 576 tibi
1249 531 1489 588 probetur,
1528 540 1576 574 et

199 615 363 644 conare
385 593 660 656 respondere
679 593 735 641 ad
755 591 803 642 id
825 594 942 656 quod
963 597 1148 656 rogabo,
1178 609 1357 655 quoquo
1373 605 1425 642 tu
1437 599 1572 643 modo

198 667 368 729 optime
386 663 643 710 faciendum
666 659 858 724 putabis.
1639 672 1642 674 '

311 728 386 778 Cr.
442 732 650 778 Conabor
668 727 889 791 equidem.
1510 766 1515 768 -

306 798 379 845 So
433 798 630 844 Nullone
666 809 798 859 pacto
840 801 1077 846 statuimus
1129 814 1155 842 a
1181 791 1309 843 nobis
1342 794 1572 846 voluntate

194 880 349 915 nostra
364 863 577 912 iniuriam
597 867 846 912 faciendam
867 879 986 923 esse,
1025 883 1082 910 an
1101 868 1253 944 aliquo
1272 875 1400 925 pacto
1417 868 1571 925 licere,

195 937 341 995 aliquo
372 945 466 978 non
482 930 651 980 licere?
695 950 752 979 an
773 935 899 980 nulla
918 931 1172 979 conditione
1189 935 1402 980 iniuriam
1421 935 1570 980 facere

197 1012 272 1046 aut
297 1004 468 1046 bonum
493 1010 558 1045 est
575 1007 652 1045 aut
672 1002 937 1056 honestum,
972 999 1020 1046 id
1039 1001 1159 1060 quod
1179 1016 1259 1044 nos
1283 1011 1415 1060 saepe
1431 1004 1568 1048 etiam

195 1071 352 1129 priore
385 1073 591 1127 tempore
617 1064 806 1126 professi
839 1079 992 1113 sumus
1001 1096 1016 1121 ,
1052 1073 1097 1113 et
1111 1071 1248 1127 paulo
1267 1072 1369 1112 ante
1387 1079 1567 1128 quoque

197 1138 394 1182 diximus
408 1138 430 1180 ’ἓ
459 1147 515 1178 an
532 1135 684 1194 potius
704 1137 855 1180 omnia
872 1137 948 1181 illa
970 1146 1083 1194 quae
1106 1144 1209 1179 ante
1227 1134 1350 1178 inter
1364 1146 1568 1182 11030011-

195 1207 416 1248 venerunt
441 1204 511 1246 his
545 1203 700 1262 paucis
733 1205 886 1248 diebus
916 1202 1054 1248 effusa
1082 1206 1206 1257 sunt,
1237 1213 1407 1260 nosque
1438 1205 1565 1259 adeo,

192 1273 256 1316 mi
279 1272 424 1324 Crito,
451 1280 542 1314 tam
564 1263 752 1328 grandes
772 1271 879 1328 natu
897 1265 987 1313 viri
1012 1271 1181 1314 dudum
1202 1263 1320 1325 serio
1339 1270 1460 1313 inter
1479 1286 1565 1314 nos

194 1339 455 1381 disserentes
488 1337 575 1395 ipsi
599 1347 683 1380 non
703 1332 924 1379 sensimus
946 1347 1197 1394 puerorum
1214 1346 1344 1381 more
1369 1346 1448 1380 nos
1471 1353 1565 1380 nu-

192 1406 320 1464 gari?
361 1421 416 1447 an
449 1405 605 1461 utique
623 1404 685 1446 ita
702 1419 772 1447 res
791 1398 948 1455 habet,
992 1411 1039 1446 ut
1061 1408 1165 1449 tunc
1189 1413 1215 1446 a
1237 1397 1367 1446 nobis
1386 1399 1564 1447 diceba-

191 1481 292 1526 tur,
330 1468 424 1516 sive
456 1471 677 1515 consentit
709 1472 865 1527 volgus
898 1471 992 1514 sive
1023 1465 1250 1523 dissentit,
1285 1485 1336 1512 ac
1362 1470 1456 1513 sive
1477 1487 1563 1514 nos

193 1546 370 1598 oportet
390 1536 520 1582 etiam
542 1539 747 1597 graviora
769 1539 1076 1615 praesentibus
1094 1539 1244 1581 subire
1268 1533 1560 1591 sivele'viora,

191 1617 339 1651 tamen
372 1623 494 1649 1n1u1
497 1623 585 1649 iam
614 1607 762 1649 facere
792 1606 834 1648 ei
867 1607 944 1663 qui
978 1605 1083 1648 facit
1111 1608 1155 1648 et
1172 1607 1341 1649 malum
1365 1613 1409 1648 et
1424 1614 1561 1664 turpe

191 1676 276 1719 erit
297 1671 513 1717 omnino?
542 1670 897 1727 dicimusne,a11
917 1662 1161 1749 negamus?>

304 1742 378 1785 Cr.
432 1742 632 1785 Dicimus
661 1754 784 1786 veroo

300 1811 372 1853 So.
427 1810 563 1853 Nullo
585 1810 722 1866 igitur
740 1816 868 1867 pacto
885 1799 1088 1852 facienda
1109 1799 1292 1851 iniuria.

305 1876 379 1919 Cr.
435 1877 572 1919 Nullo
594 1892 710 1919 sane.

304 1941 373 1986 So.
430 1945 587 1999 Neque
607 1944 746 2000 igitur
767 1935 807 1984 ei
828 1934 906 1998 qui
927 1935 1056 1984 nobis
1078 1935 1294 1985 iniuriam
1318 1935 1468 1984 intulit
1485 1950 1562 1983 rea·

195 2007 378 2052 ferenda
400 2015 478 2058 est,
508 2017 557 2051 ut
578 2010 708 2066 volgo
732 2010 1004 2059 existimant,-
1049 2010 1260 2064 quoniam
1280 2022 1560 2064 nequaquam

194 2087 258 2119 est
287 2073 466 2119 iniuria.

310 2143 383 2188 Cr.
443 2144 506 2185 Ita
531 2149 726 2198 prorsus·⁶
796 2159 799 2162 ¹

305 2207 377 2252 So.
450 2205 573 2267 Quid
608 2208 746 2251 vero?
784 2199 954 2249 maIum
981 2201 1150 2251 inferre
1176 2202 1305 2261 licet,
1330 2201 1479 2264 Crito,
1504 2218 1560 2252 an

193 2278 317 2320 non?

308 2344 378 2387 Cr.
437 2339 654 2395 Minime,
684 2335 868 2400 opinor,
897 2334 1091 2386 Socrate.

307 2413 380 2454 So.
437 2411 592 2468 Quid?
618 2410 784 2454 malum
807 2405 1019 2452 inferenti
1041 2410 1239 2465 referre,
1265 2410 1314 2453 ut
1334 2404 1467 2469 'volgo
1494 2406 1565 2454 di-

198 2487 326 2529 cunt,
355 2480 519 2522 iustum
545 2485 632 2526 est,
661 2488 717 2520 an
738 2476 864 2518 non?

312 2546 384 2589 Cr.
441 2542 745 2602 Nequaquam-

307 2614 378 2654 So.
435 2613 608 2671 Nempe
637 2608 804 2653 malum
834 2614 877 2654 et
902 2611 1114 2654 iniuriam
1150 2606 1321 2655 inferre
1341 2611 1460 2654 idem
1482 2617 1561 2651 est.

311 2678 384 2723 Cr.
441 2678 562 2724 Vera
587 2677 710 2720 dicis.
1175 2734 1226 2775 Μ

1255 2747 1278 2775 2
