1734 2872
429 142 862 212 ALCIBIADES
904 149 1175 213 rumas.
1391 179 1492 215 ³247

165 316 168 319 -
190 312 198 333 ·,
216 290 291 337 'A
307 290 382 333 At
398 303 504 332 cum
525 289 822 347 quibusnam
806 289 827 317 ‘²

166 357 285 409 So
343 358 486 399 Decet
513 365 662 401 autem
693 355 780 398 hoc
811 354 964 398 virum
986 367 1203 412 quaerere
1223 355 1479 413 quianaguo

103 441 150 469 se
161 426 317 470 animo
338 431 480 481 putat
491 413 630 468 esse?
1464 441 1469 462 2

134 510 138 526 1
157 519 165 535 κ
200 493 280 536 Al
339 491 590 551 Quomodo
610 490 760 535 dicis‘!
805 505 959 533 nonne
1003 505 1107 533 cum
1136 489 1207 532 his
1235 485 1348 533 mihi
1378 506 1480 556 cer-

100 570 274 604 tamen.
259 560 280 590 Ῥ
1459 574 1471 578 ·

208 631 277 669 So.
333 627 396 671 At
434 629 472 671 si
502 629 723 681 trite-men
752 626 970 684 cogitares
998 625 1253 682 gubernare
1283 642 1479 684 pugnam

94 695 303 742 'navalem
331 696 706 747 commissuram,
732 710 846 738 num
876 693 981 741 satis
1003 692 1192 737 haberes
1212 694 1334 736 inter
1358 702 1477 736 cete-

97 776 176 804 ros
213 771 366 806 nautas
396 771 491 806 arte
522 762 803 820 gubernandi
821 770 1077 820 praestare,
1115 776 1176 804 -an
1192 760 1278 808 hoc
1298 770 1477 818 putares

92 845 178 886 per
199 845 247 874 se
265 833 359 873 esse
381 831 708 883 necessarium,
749 831 799 873 in
819 846 952 872 veros
974 837 1123 874 autem
1137 827 1377 872 intuerere'
1396 828 1478 870 ad-

97 898 340 951 versarios,
382 915 500 950 non,
548 907 598 940 ut
624 912 770 950 nunc,
809 897 860 939 iu
895 897 1152 939 certaminis
1183 896 1358 938 socios?
1391 896 1474 938 ‘his

95 965 219 1006 enim
248 974 293 1008 te
320 965 429 1007 adeo
452 973 680 1022 praestare
711 972 889 1021 oportet
903 996 915 1016 ,
951 974 1005 1011 ut
1023 978 1201 1015 censeas
1223 978 1296 1004 eos
1317 964 1474 1013 nonin

92 1040 321 1074 certamen
349 1039 496 1079 tecum
523 1030 820 1082 descendere,
858 1030 1236 1088 sed.c0ntemptos
1262 1029 1474 1078 certami-

94 1099 164 1140 nis
194 1099 405 1144 adversus
435 1097 582 1144 hostes
611 1097 695 1141 tibi
725 1098 873 1140 socios
903 1112 1017 1150 esse,
1037 1097 1095 1141 ‚si
1124 1110 1285 1141 revera
1307 1096 1470 1156 cogites

93 1166 263 1208 facinus
284 1165 432 1218 facere
453 1173 497 1207 et
514 1173 558 1208 te
581 1173 624 1224 et
646 1164 824 1208 civitate
847 1165 1046 1222 dignum.
1454 1180 1457 1184 ’

201 1233 276 1274 Al.
333 1231 483 1288 Atque
504 1231 637 1273 etiam
659 1230 704 1272 id
725 1232 887 1287 cogite.

195 1299 274 1341 So.
331 1299 453 1341 Num
487 1298 629 1354 igitur
648 1298 750 1348 satis
771 1306 815 1340 te
835 1298 960 1341 decet
983 1296 1288 1354 acquiescere,
1318 1298 1468 1341 simi-

91 1366 244 1409 litibus
272 1365 437 1409 melior
469 1365 554 1417 sis',
586 1367 640 1407 et
667 1379 758 1407 non
789 1365 839 1408 in
858 1365 1220 1408 adversariorum
1242 1366 1372 1408 duces
1391 1366 1469 1408 in-

91 1433 231 1485 tueri,
256 1441 554 1491 spectantem,
579 1447 773 1489 quanam
791 1433 973 1476 tandem
990 1448 1042 1476 re
1058 1432 1128 1474 his
1147 1442 1368 1490 praestes,
1396 1444 1467 1478 te·-

91 1518 176 1559 que
196 1509 480 1544 exercentem
507 1499 718 1543 adversus
738 1500 871 1543 illos?

200 1569 275 1611 Al.
333 1567 560 1624 Quosnam
579 1582 688 1610 vero
711 1567 815 1609 istos
837 1567 971 1619 dicis,
1003 1567 1218 1611 Socrate?

203 1637 274 1679 So.
333 1635 497 1689 Nonne
530 1635 612 1678 scis
636 1634 870 1678 ,civitatem
892 1643 1091 1678 nostram
1119 1650 1218 1677 cum
1238 1636 1464 1678 Lacedae-

90 1705 253 1747 moniis
275 1718 527 1760 magnoque
545 1717 650 1760 rege
672 1711 944 1761 perpetuum
960 1702 1058 1746 fere
1082 1702 1251 1745 bellum
1272 1703 1462 1760 gerere?

199 1772 271 1813 Al
328 1771 451 1814 Ve1a
479 1769 600 1812 dicis.

161 1839 278 1882 So
325 1838 488 1881 Nonne
518 1836 683 1894 igitur,
718 1837 773 1881 si
788 1839 949 1896 cogitas
981 1836 1088 1880 huic
1118 1836 1288 1881 civitati
1309 1837 1463 1895 impe-

89 1918 214 1953 rare,
244 1919 345 1945 cum
366 1904 745 1948 Lacedaem0mo1
747 1921 826 1948 um
845 1914 889 1949 et
905 1906 1146 1949 Persarum
1163 1905 1341 1962 regibus
1362 1919 1460 1946 cer-

90 1971 275 2014 tandum
295 1969 378 2012 tibi
400 1984 491 2011 esse
509 1979 633 2015 recte
654 1973 887 2015 censebis?

201 2036 274 2082 Al.
333 2035 455 2079 Ve1a
463 2068 478 2087 ,
504 2037 668 2094 opinor
679 2069 693 2092 ,
721 2039 844 2083 dicis.
956 2078 959 2080 ,

202 2104 274 2147 So.
331 2103 459 2156 Non,
495 2118 521 2145 o
551 2103 691 2154 bone,
728 2104 806 2146 sed
835 2103 886 2147 in
903 2103 1090 2147 Midiam
1109 2111 1154 2147 te
1184 2109 1373 2161 oportet
1383 2117 1460 2146 eo-

87 2171 312 2216 turnicum
343 2170 613 2214 nutritorem
643 2169 814 2212 intueri
844 2178 888 2213 et
916 2170 1025 2214 alios
1045 2171 1220 2227 generis
1243 2170 1456 2221 eiusdem,

88 2240 167 2296 qui
189 2253 262 2281 res
283 2238 437 2280 civiles
459 2252 617 2295 gerere
638 2246 855 2280 conantur
874 2238 1019 2304 udhuc
1043 2238 1228 2281 serviles
1245 2270 1256 2291 ‚
1284 2245 1335 2280 ut
1356 2234 1478 2279 mu-‘

86 2309 222 2350 lieres
254 2306 476 2359 dixerint,
516 2305 631 2364 pilos
659 2312 876 2361 gestantes
903 2306 953 2348 in
973 2306 1121 2348 anima
1140 2321 1249 2363 prae
1270 2304 1464 2354 inscitia,

89 2389 201 2431 quos
221 2373 419 2415 nondum
443 2372 716 2422 abiecerunt,
737 2381 780 2416 et
802 2382 1031 2429 praeterea
1054 2373 1242 2415 barbare
1265 2373 1459 2429 loquen-

87 2451 155 2484 tes
177 2439 400 2483 adulatum
413 2472 426 2493 ,
456 2455 550 2483 non
571 2441 843 2497 imperatum
864 2450 972 2484 eunt
992 2441 1176 2484 civitati.
1196 2441 1253 2486 jn
1272 2436 1349 2483 hos
1370 2439 1460 2484 sci-

86 2508 191 2550 licet
210 2521 320 2563 quos
341 2507 439 2550 dixi
460 2514 639 2564 oportet
662 2516 704 2549 te
722 2507 968 2550 intuentem
989 2516 1128 2551 temet
1144 2509 1288 2566 ipsum
1313 2507 1458 2564 negli-

72 2589 192 2631 -gere
218 2582 261 2615 et
280 2589 423 2630 neque
447 2573 615 2615 discere
632 2590 743 2629 quae
757 2574 986 2631 disciplina
997 2575 1307 2632 percipiuntur
1318 2589 1458 2630 quum

94 2642 140 2683 in
170 2650 340 2684 tantum
372 2641 480 2683 velis
505 2650 730 2685 certamen
755 2643 1046 2697 descendere,
1083 2658 1229 2700 neque
1258 2640 1462 2686 exerceri
