1734 2872
383 151 1455 201 APOLOGAEAJ'SOGRATIB.139
1527 166 1530 177 ⁵

90 276 211 333 ipsos
235 269 419 333 prodire
446 287 625 330 meque:
623 275 842 315 accusare
859 279 1003 328 atque
1009 272 1189 327 ulcisci3
1211 273 1472 326 :simeutem

88 335 392 400 ipsim‘olleht,
429 340 566 397 aliqui
600 335 721 385 cerne
749 355 809 383 ex
831 340 1031 396 cognatis
1051 341 1286 398 ipsorum,
1295 350 1459 400 :panes

89 413 166 451 aut
182 408 343 453 fratres
359 416 436 454 aut
455 407 531 451 alii
549 407 806 483 necessarii,⁴
833 406 1066 459 debebant,
1092 408 1268 464 si'quod
1290 411 1471 453 malum

87 476 412 532 amecognati.
425 490 579 518 eorum
605 473 809 533 perpessi
827 482 996 526 essent,
1035 481 1161 518 nunc·
1187 476 1460 524 meminisse.

87 558 192 586 sane
216 543 364 589 *etiam
393 543 551 589 adsunt
584 542 906 585 eorumtmulti
936 542 1009 585 hic
1038 556 1148 599 quos
1166 543 1325 595 video3
1361 544 1464 602 pri·-

86 626 214 653 mum
236 611 363 654 Crito
382 607 481 662 hic,
525 626 650 653 meus
667 609 868 667 aequalis
888 618 930 652 et
952 610 1210 669 popularis,
1237 611 1467 655 Critobuli

86 678 222 723 huius
249 686 398 737 pater,
438 678 542 721 dein
563 678 775 737 Lysaniae
795 676 1051 735 Sphettius„
1074 676 1310 729 Aeschinis
1327 678 1463 722 huius

84 754 238 804 pater,
275 748 384 791 item
416 744 980 804 Antiphonrcephisiensis
1008 745 1082 788 hic
1095 754 1112 798 ,’
1137 745 1353 804 Epigenis
1374 761 1472 804 pa-

79 823 180 867 .ter.·;
218 823 348 871 atque
375 814 452 857 alii
485 813 619 856 etiam
651 812 724 866 hi,
765 827 959 870 quorum
989 813 1150 869 fratres
1177 813 1464 856 sermonibus

85 881 173 923 illis
193 881 514 933 interfuerunt,·
532 881 810 924 Nicostratus
820 880 1280 932 Theosdotidisfilius,
1306 880 1464 925 Theoe

87 948 180 991 doti
215 942 356 991 frater
372 967 384 991 x
421 952 489 999 (et
509 947 767 990 Theodotus
799 947 983 1004 quidem
1005 947 1114 991 obiit
1128 978 1140 1000 ‚
1174 948 1327 991 utine
1348 946 1465 990 mihi
1487 945 1495 950 ’

86 1030 177 1057 non
203 1017 405 1071 potuerit
427 1014 549 1072 apud
569 1013 978 1071 hunodeprecator
998 1014 1132 1068 esse),
1159 1021 1260 1073 tum
1280 1013 1464 1056 Paralus

86 1081 162 1124 hic
180 1083 427 1125 Demodoci
452 1081 597 1134 filius3
643 1080 769 1124 ouius
788 1080 929 1125 frater
946 1089 1040 1124 erat
1063 1080 1267 1137 Theages
1283 1113 1297 1134 ,
1324 1089 1366 1124 et
1387 1080 1464 1123 hic

87 1149 355 1194 Adimantus
383 1149 607 1192 Aristonis
646 1149 792 1203 filius,
846 1151 973 1192 cuius
1004 1147 1131 1191 hicce
1162 1148 1287 1192 Plato
1320 1147 1462 1191 frater

88 1224 176 1269 est,
210 1216 607 1269 etAeantodorus3
647 1217 774 1258 cuius
795 1216 937 1259 frater
956 1223 1020 1258 est
1038 1215 1112 1257 hic
1132 1215 1463 1273 Apollodorus3

87 1293 132 1327 et
152 1283 258 1326 alios
275 1283 497 1341 plurimos
517 1298 597 1339 ego
619 1283 749 1326 vobis
763 1283 998 1326 nominare
1016 1297 1224 1339 possum,
1266 1296 1463 1338 quorum

86 1351 269 1396 omnino
298 1350 491 1406 aliquem
523 1349 710 1393 debebat
727 1350 910 1395 Melitus
938 1349 988 1391 in
1019 1349 1195 1393 actione
1219 1364 1305 1392 -sua
1330 1349 1462 1392 adhi-

83 1419 192 1461 bere
220 1426 376 1461 testem
387 1434 402 1470 3
444 1418 601 1476 quodsi
635 1427 744 1461 tunc
774 1417 936 1460 oblitus
970 1423 1060 1468 est,
1102 1431 1226 1461 nuuc
1254 1416 1462 1460 adhibeat

84 1487 190 1543 (ego
220 1500 313 1528 non
332 1485 554 1543 impedio)
582 1493 626 1528 et
645 1485 817 1528 dicatsi
837 1484 947 1541 quid
963 1483 1183 1529 eiusmodi
1200 1484 1349 1529 habet.
1378 1501 1462 1529 ve-

82 1553 339 1612 rumplane
360 1562 513 1596 contra
530 1552 786 1605 invenietis,
801 1552 944 1606 cives3
972 1566 1127 1594 omnes
1147 1553 1262 1596 mihi
1272 1569 1462 1596 succur-

85 1637 190 1665 rere
223 1629 428 1680 paratos,
457 1620 735 1678 corruptori,
775 1619 853 1676 qui
873 1619 1098 1663 malefacit
1115 1620 1314 1678 cognatis
1330 1620 1460 1679 ipso-

82 1705 211 1743 rum,
245 1699 295 1734 ut
324 1689 449 1732 aiunt
466 1689 650 1733 Meh‘ius
672 1697 717 1732 et
733 1689 922 1747 Anytus.
962 1687 1129 1731 etenim
1149 1688 1259 1746 ipsis
1277 1689 1460 1746 quidem

86 1757 310 1814 corruptis
336 1756 523 1799 forsitan
553 1771 646 1799 esse
663 1756 813 1814 possit
833 1756 948 1800 ratio
971 1771 1054 1798 cur
1068 1766 1354 1812 succurrant3
1382 1757 1459 1799 in-

86 1825 308 1883 corruptis
329 1839 462 1875 vcro,
492 1823 584 1866 iam
604 1825 856 1868 senioribus
879 1824 1012 1876 viris,
1048 1824 1235 1871 illorum
1254 1840 1458 1868 necessa-

84 1890 180 1941 riis,
217 1905 328 1946 quae
348 1897 493 1947 potest
510 1891 624 1935 ratio
648 1905 743 1936 esse
761 1892 1054 1936 succurrendi
1073 1891 1201 1944 mihi,
1229 1893 1318 1938 nisi
1338 1901 1460 1940 recta

38 1982 44 1992 ι
84 1956 195 1999 haec
215 1965 259 1999 et
274 1956 411 2008 iusta,
439 1957 559 2013 quod
579 1957 727 2003 sciunt
743 1959 953 2002 Melitum
976 1959 1184 2012 mentiri,
1209 1974 1284 2004 me
1306 1969 1460 2006 autem

83 2040 114 2067 v
118 2039 194 2067 era
210 2023 335 2081 loqui
346 2023 400 2065 ’ἒ

194 2092 289 2134 Iam
312 2105 436 2143 vero,
466 2091 602 2143 cives,
631 2103 741 2148 quae
763 2090 896 2134 habui
914 2106 1000 2150 pro
1022 2106 1098 2137 me
1119 2091 1320 2144 dicenda,
1347 2091 1458 2136 haec

83 2157 181 2201 fere
211 2165 316 2202 sunt
347 2166 479 2215 atque
509 2159 616 2207 alla,
649 2159 836 2217 opinor,
874 2158 1073 2203 eiusdem
1093 2159 1228 2203 modi.
1269 2159 1458 2208 sonasse

84 2234 230 2269 autem
268 2226 425 2283 aliquis
463 2234 664 2270 vestrum
710 2225 1016 2283 indignabitur
1056 2241 1234 2272 memor
1259 2226 1351 2281 sui,
1402 2227 1456 2281 si,

85 2308 224 2349 quum
251 2293 349 2351 ipse
381 2294 608 2351 quondam
639 2293 717 2336 vel,
739 2294 908 2337 leviore
929 2294 978 2336 in
996 2294 1197 2353 periculo
1217 2309 1350 2351 quam
1372 2310 1455 2353 pe·-

84 2360 278 2403 riculum
309 2361 395 2403 hoc
426 2377 580 2405 meum
614 2369 678 2404 est
706 2369 906 2404 versatus
938 2362 1136 2406 oraverit
1155 2360 1324 2405 iudices
1341 2377 1454 2419 sup.-

85 2427 353 2485 pliciterque
367 2430 603 2486 *rogaverit
622 2428 774 2474 multis
796 2444 898 2476 cum
921 2429 1140 2483 lacrimis,
1169 2429 1332 2483 simul,
1364 2445 1454 2487 quo

83 2495 226 2552 magis
252 2492 605 2539 misericordiam
634 2505 859 2548 moveret,
900 2496 1129 2554 productis
1159 2496 1264 2540 filiis
1291 2497 1383 2540 suis
1412 2506 1457 2541 et

85 2563 183 2605 aliis
226 2571 516 2619 cognatorum
558 2573 686 2621 atque
726 2564 975 2608 amicorum
1007 2563 1185 2614 multis,
1226 2579 1306 2621 ego
1337 2581 1456 2608 nunc

85 2628 341 2672 huiusmodi
381 2629 495 2677 nihil
532 2630 716 2684 faciam,
764 2632 966 2689 quamvis
1002 2632 1050 2674 in
1081 2640 1362 2685 extremum,
1406 2639 1457 2673 ut
