<?xml version="1.0" encoding="UTF-8"?>
<!DOCTYPE html PUBLIC "-//W3C//DTD XHTML 1.0 Transitional//EN"
    "http://www.w3.org/TR/xhtml1/DTD/xhtml1-transitional.dtd">
<html xmlns="http://www.w3.org/1999/xhtml" xml:lang="en" lang="en">
 <head>
  <title>
</title>
<meta http-equiv="Content-Type" content="text/html;charset=utf-8" />
  <meta name='ocr-system' content='tesseract 3.04.00' />
  <meta name='ocr-capabilities' content='ocr_page ocr_carea ocr_par ocr_line ocrx_word'/>
</head>
<body>
  <div class='ocr_page' id='page_1' title='image "./quaeexstantopera08platuoft_0383.png"; bbox 0 0 1734 2872; ppageno 0'>
   <div class='ocr_carea' id='block_1_1' title="bbox 579 143 1508 204">
    <p class='ocr_par' dir='ltr' id='par_1_1' title="bbox 579 143 1508 204">
     <span class='ocr_line' id='line_1_1' title="bbox 579 143 1508 204; baseline 0.002 -2"><span class='ocrx_word' id='word_1_1' title='bbox 579 143 1042 204; x_wconf 64' lang='lat' dir='ltr'>RIVALES}</span> <span class='ocrx_word' id='word_1_2' title='bbox 1415 168 1508 204; x_wconf 83' lang='lat'>375</span> 
     </span>
    </p>
   </div>
   <div class='ocr_carea' id='block_1_2' title="bbox 126 276 1506 470">
    <p class='ocr_par' dir='ltr' id='par_1_2' title="bbox 126 276 1506 470">
     <span class='ocr_line' id='line_1_2' title="bbox 131 276 1506 336; baseline -0.001 -14"><span class='ocrx_word' id='word_1_3' title='bbox 131 278 266 331; x_wconf 81' lang='lat' dir='ltr'>dicis,</span> <span class='ocrx_word' id='word_1_4' title='bbox 296 276 645 335; x_wconf 67' lang='lat' dir='ltr'>quodammodo</span> <span class='ocrx_word' id='word_1_5' title='bbox 687 293 852 336; x_wconf 84' lang='lat' dir='ltr'>pravos</span> <span class='ocrx_word' id='word_1_6' title='bbox 893 292 968 320; x_wconf 88' lang='lat' dir='ltr'>eos</span> <span class='ocrx_word' id='word_1_7' title='bbox 1009 291 1104 320; x_wconf 87' lang='lat' dir='ltr'>esse</span> <span class='ocrx_word' id='word_1_8' title='bbox 1139 284 1271 334; x_wconf 86' lang='lat' dir='ltr'>atque</span> <span class='ocrx_word' id='word_1_9' title='bbox 1296 276 1506 332; x_wconf 66' lang='lat' dir='ltr'>inutiles,</span> 
     </span>
     <span class='ocr_line' id='line_1_3' title="bbox 130 343 1503 404; baseline 0 -16"><span class='ocrx_word' id='word_1_10' title='bbox 130 344 339 404; x_wconf 82' lang='lat' dir='ltr'><strong>quamdiu</strong></span> <span class='ocrx_word' id='word_1_11' title='bbox 358 345 478 388; x_wconf 84' lang='lat' dir='ltr'>inter</span> <span class='ocrx_word' id='word_1_12' title='bbox 498 343 918 388; x_wconf 19' lang='lat' dir='ltr'>hominesrartifices</span> <span class='ocrx_word' id='word_1_13' title='bbox 946 353 1101 388; x_wconf 81' lang='lat' dir='ltr'>essent.</span> <span class='ocrx_word' id='word_1_14' title='bbox 1126 353 1172 388; x_wconf 87' lang='lat' dir='ltr'>at</span> <span class='ocrx_word' id='word_1_15' title='bbox 1191 345 1319 399; x_wconf 87' lang='lat' dir='ltr'>vide,</span> <span class='ocrx_word' id='word_1_16' title='bbox 1346 346 1503 396; x_wconf 85' lang='lat' dir='ltr'>amice,</span> 
     </span>
     <span class='ocr_line' id='line_1_4' title="bbox 126 408 1504 470; baseline 0 -14"><span class='ocrx_word' id='word_1_17' title='bbox 126 428 187 456; x_wconf 87' lang='lat' dir='ltr'>ne</span> <span class='ocrx_word' id='word_1_18' title='bbox 207 427 295 460; x_wconf 82' lang='lat' dir='ltr'>non</span> <span class='ocrx_word' id='word_1_19' title='bbox 317 412 380 455; x_wconf 88' lang='lat' dir='ltr'>sic</span> <span class='ocrx_word' id='word_1_20' title='bbox 398 427 446 455; x_wconf 82' lang='lat' dir='ltr'>se</span> <span class='ocrx_word' id='word_1_21' title='bbox 466 412 660 458; x_wconf 82' lang='lat' dir='ltr'><strong>habeant</strong></span> <span class='ocrx_word' id='word_1_22' title='bbox 677 426 824 468; x_wconf 85' lang='lat' dir='ltr'>neque</span> <span class='ocrx_word' id='word_1_23' title='bbox 841 410 928 454; x_wconf 78' lang='lat' dir='ltr'>hoc</span> <span class='ocrx_word' id='word_1_24' title='bbox 950 410 1008 453; x_wconf 89' lang='lat' dir='ltr'>sit</span> <span class='ocrx_word' id='word_1_25' title='bbox 1023 408 1335 470; x_wconf 82' lang='lat' dir='ltr'>philosophari</span> <span class='ocrx_word' id='word_1_26' title='bbox 1353 413 1407 455; x_wconf 82' lang='lat' dir='ltr'>ad</span> <span class='ocrx_word' id='word_1_27' title='bbox 1428 427 1504 456; x_wconf 78' lang='lat' dir='ltr'>ar-</span> 
     </span>
    </p>
   </div>
   <div class='ocr_carea' id='block_1_3' title="bbox 126 478 1568 531">
    <p class='ocr_par' dir='ltr' id='par_1_3' title="bbox 126 478 1568 531">
     <span class='ocr_line' id='line_1_5' title="bbox 126 478 1568 531; baseline -0.001 -8"><span class='ocrx_word' id='word_1_28' title='bbox 126 487 192 523; x_wconf 80' lang='lat' dir='ltr'>tes</span> <span class='ocrx_word' id='word_1_29' title='bbox 217 495 351 531; x_wconf 83' lang='lat' dir='ltr'>omne</span> <span class='ocrx_word' id='word_1_30' title='bbox 367 478 566 523; x_wconf 84' lang='lat' dir='ltr'>studium</span> <span class='ocrx_word' id='word_1_31' title='bbox 589 478 811 531; x_wconf 87' lang='lat' dir='ltr'>conferre,</span> <span class='ocrx_word' id='word_1_32' title='bbox 832 493 915 520; x_wconf 89' lang='lat' dir='ltr'>nec</span> <span class='ocrx_word' id='word_1_33' title='bbox 937 478 985 521; x_wconf 89' lang='lat' dir='ltr'>in</span> <span class='ocrx_word' id='word_1_34' title='bbox 1004 479 1245 523; x_wconf 81' lang='lat' dir='ltr'>multarum</span> <span class='ocrx_word' id='word_1_35' title='bbox 1256 495 1412 522; x_wconf 89' lang='lat' dir='ltr'>rerum</span> <span class='ocrx_word' id='word_1_36' title='bbox 1423 494 1506 521; x_wconf 89' lang='lat' dir='ltr'>cu-</span> <span class='ocrx_word' id='word_1_37' title='bbox 1566 482 1568 486; x_wconf 79' lang='grc'><strong>“</strong></span> 
     </span>
    </p>
   </div>
   <div class='ocr_carea' id='block_1_4' title="bbox 121 545 1509 791">
    <p class='ocr_par' dir='ltr' id='par_1_4' title="bbox 121 545 1509 791">
     <span class='ocr_line' id='line_1_6' title="bbox 123 545 1509 604; baseline 0 -15"><span class='ocrx_word' id='word_1_38' title='bbox 123 558 221 591; x_wconf 79' lang='lat' dir='ltr'>ram</span> <span class='ocrx_word' id='word_1_39' title='bbox 241 547 416 604; x_wconf 86' lang='lat' dir='ltr'>obstipo</span> <span class='ocrx_word' id='word_1_40' title='bbox 439 547 562 603; x_wconf 84' lang='lat' dir='ltr'>quasi</span> <span class='ocrx_word' id='word_1_41' title='bbox 586 547 732 604; x_wconf 86' lang='lat' dir='ltr'>capite</span> <span class='ocrx_word' id='word_1_42' title='bbox 752 546 1089 590; x_wconf 85' lang='lat' dir='ltr'>incumbentem</span> <span class='ocrx_word' id='word_1_43' title='bbox 1105 547 1262 597; x_wconf 74' lang='lat' dir='ltr'>vivere</span> <span class='ocrx_word' id='word_1_44' title='bbox 1271 562 1354 590; x_wconf 91' lang='lat' dir='ltr'>nec</span> <span class='ocrx_word' id='word_1_45' title='bbox 1367 545 1509 590; x_wconf 81' lang='lat' dir='ltr'>multa</span> 
     </span>
     <span class='ocr_line' id='line_1_7' title="bbox 123 613 1506 670; baseline 0.002 -15"><span class='ocrx_word' id='word_1_46' title='bbox 123 613 438 668; x_wconf 82' lang='lat' dir='ltr'><strong>addiscentem,</strong></span> <span class='ocrx_word' id='word_1_47' title='bbox 466 614 542 656; x_wconf 85' lang='lat' dir='ltr'>sed</span> <span class='ocrx_word' id='word_1_48' title='bbox 562 613 684 656; x_wconf 86' lang='lat' dir='ltr'>aliud</span> <span class='ocrx_word' id='word_1_49' title='bbox 705 614 813 670; x_wconf 88' lang='lat' dir='ltr'>quid</span> <span class='ocrx_word' id='word_1_50' title='bbox 826 630 839 668; x_wconf 83' lang='lat'>3</span> <span class='ocrx_word' id='word_1_51' title='bbox 868 628 974 658; x_wconf 87' lang='lat' dir='ltr'>nam</span> <span class='ocrx_word' id='word_1_52' title='bbox 996 628 1078 670; x_wconf 90' lang='lat' dir='ltr'>ego</span> <span class='ocrx_word' id='word_1_53' title='bbox 1104 613 1352 657; x_wconf 84' lang='lat' dir='ltr'>arbitrabar</span> <span class='ocrx_word' id='word_1_54' title='bbox 1371 614 1506 659; x_wconf 77' lang='lat' dir='ltr'>etiam</span> 
     </span>
     <span class='ocr_line' id='line_1_8' title="bbox 121 679 1506 740; baseline 0.002 -18"><span class='ocrx_word' id='word_1_55' title='bbox 121 681 292 738; x_wconf 88' lang='lat' dir='ltr'>probro</span> <span class='ocrx_word' id='word_1_56' title='bbox 320 679 408 725; x_wconf 90' lang='lat' dir='ltr'>hoc</span> <span class='ocrx_word' id='word_1_57' title='bbox 434 695 527 724; x_wconf 86' lang='lat' dir='ltr'>esse</span> <span class='ocrx_word' id='word_1_58' title='bbox 556 689 601 725; x_wconf 88' lang='lat' dir='ltr'>et</span> <span class='ocrx_word' id='word_1_59' title='bbox 619 679 821 725; x_wconf 76' lang='lat' dir='ltr'>sordidos</span> <span class='ocrx_word' id='word_1_60' title='bbox 843 681 1062 740; x_wconf 84' lang='lat' dir='ltr'>appellari</span> <span class='ocrx_word' id='word_1_61' title='bbox 1085 680 1135 730; x_wconf 82' lang='lat' dir='ltr'>in</span> <span class='ocrx_word' id='word_1_62' title='bbox 1158 682 1328 726; x_wconf 85' lang='lat' dir='ltr'>artibus</span> <span class='ocrx_word' id='word_1_63' title='bbox 1354 682 1506 725; x_wconf 83' lang='lat' dir='ltr'>elabo-</span> 
     </span>
     <span class='ocr_line' id='line_1_9' title="bbox 123 756 289 791; baseline 0.006 -1"><span class='ocrx_word' id='word_1_64' title='bbox 123 756 289 791; x_wconf 83' lang='lat' dir='ltr'>rantes.</span> 
     </span>
    </p>
   </div>
   <div class='ocr_carea' id='block_1_5' title="bbox 114 882 1506 2687">
    <p class='ocr_par' dir='ltr' id='par_1_5' title="bbox 114 882 1506 2687">
     <span class='ocr_line' id='line_1_10' title="bbox 233 882 1506 941; baseline 0 -15"><span class='ocrx_word' id='word_1_65' title='bbox 233 883 303 926; x_wconf 85' lang='lat' dir='ltr'>Ita</span> <span class='ocrx_word' id='word_1_66' title='bbox 329 896 440 926; x_wconf 68' lang='lat' dir='ltr'>vero</span> <span class='ocrx_word' id='word_1_67' title='bbox 470 882 650 941; x_wconf 85' lang='lat' dir='ltr'>planius</span> <span class='ocrx_word' id='word_1_68' title='bbox 688 885 943 928; x_wconf 84' lang='lat' dir='ltr'>videbimus</span> <span class='ocrx_word' id='word_1_69' title='bbox 974 899 1030 928; x_wconf 90' lang='lat' dir='ltr'>an</span> <span class='ocrx_word' id='word_1_70' title='bbox 1065 900 1172 929; x_wconf 85' lang='lat' dir='ltr'>vera</span> <span class='ocrx_word' id='word_1_71' title='bbox 1193 884 1360 937; x_wconf 84' lang='lat' dir='ltr'>dicam,</span> <span class='ocrx_word' id='word_1_72' title='bbox 1392 883 1430 926; x_wconf 90' lang='lat' dir='ltr'>si</span> <span class='ocrx_word' id='word_1_73' title='bbox 1449 883 1506 926; x_wconf 88' lang='lat' dir='ltr'>ad</span> 
     </span>
     <span class='ocr_line' id='line_1_11' title="bbox 120 949 1504 1009; baseline 0.001 -17"><span class='ocrx_word' id='word_1_74' title='bbox 120 949 206 993; x_wconf 85' lang='lat' dir='ltr'>hoc</span> <span class='ocrx_word' id='word_1_75' title='bbox 222 950 521 1007; x_wconf 86' lang='lat' dir='ltr'>responderis.</span> <span class='ocrx_word' id='word_1_76' title='bbox 564 951 749 1008; x_wconf 81' lang='lat' dir='ltr'>quinam</span> <span class='ocrx_word' id='word_1_77' title='bbox 774 966 909 1009; x_wconf 88' lang='lat' dir='ltr'>equos</span> <span class='ocrx_word' id='word_1_78' title='bbox 931 953 1077 996; x_wconf 88' lang='lat' dir='ltr'>sciunt</span> <span class='ocrx_word' id='word_1_79' title='bbox 1112 951 1327 1008; x_wconf 85' lang='lat' dir='ltr'>castigare</span> <span class='ocrx_word' id='word_1_80' title='bbox 1347 959 1468 994; x_wconf 85' lang='lat' dir='ltr'>recte</span> <span class='ocrx_word' id='word_1_81' title='bbox 1482 951 1504 993; x_wconf 70' lang='lat'>‘3</span> 
     </span>
     <span class='ocr_line' id='line_1_12' title="bbox 121 1017 1502 1076; baseline 0.001 -18"><span class='ocrx_word' id='word_1_82' title='bbox 121 1026 275 1062; x_wconf 87' lang='lat' dir='ltr'>utrum</span> <span class='ocrx_word' id='word_1_83' title='bbox 299 1017 377 1074; x_wconf 88' lang='lat' dir='ltr'>qui</span> <span class='ocrx_word' id='word_1_84' title='bbox 398 1018 607 1060; x_wconf 87' lang='lat' dir='ltr'>meliores</span> <span class='ocrx_word' id='word_1_85' title='bbox 628 1018 945 1073; x_wconf 71' lang='lat' dir='ltr'>eosefficiunt,</span> <span class='ocrx_word' id='word_1_86' title='bbox 983 1035 1040 1063; x_wconf 89' lang='lat' dir='ltr'>an</span> <span class='ocrx_word' id='word_1_87' title='bbox 1061 1019 1167 1061; x_wconf 81' lang='lat' dir='ltr'>alii?</span> <span class='ocrx_word' id='word_1_88' title='bbox 1225 1017 1318 1076; x_wconf 83' lang='lat' dir='ltr'>Qui</span> <span class='ocrx_word' id='word_1_89' title='bbox 1336 1017 1502 1061; x_wconf 89' lang='lat' dir='ltr'>melio-</span> 
     </span>
     <span class='ocr_line' id='line_1_13' title="bbox 120 1083 1503 1143; baseline 0.001 -17"><span class='ocrx_word' id='word_1_90' title='bbox 120 1099 209 1126; x_wconf 84' lang='lat' dir='ltr'>res.</span> <span class='ocrx_word' id='word_1_91' title='bbox 255 1125 259 1127; x_wconf 15' lang='grc' dir='ltr'><strong>Α</strong></span> <span class='ocrx_word' id='word_1_92' title='bbox 280 1083 403 1141; x_wconf 86' lang='lat' dir='ltr'>Quid</span> <span class='ocrx_word' id='word_1_93' title='bbox 446 1085 589 1127; x_wconf 80' lang='lat' dir='ltr'>vero?</span> <span class='ocrx_word' id='word_1_94' title='bbox 644 1100 772 1128; x_wconf 88' lang='lat' dir='ltr'>canes</span> <span class='ocrx_word' id='word_1_95' title='bbox 815 1100 965 1130; x_wconf 86' lang='lat' dir='ltr'>nonne</span> <span class='ocrx_word' id='word_1_96' title='bbox 1007 1086 1083 1143; x_wconf 90' lang='lat' dir='ltr'>qui</span> <span class='ocrx_word' id='word_1_97' title='bbox 1103 1085 1319 1128; x_wconf 79' lang='lat' dir='ltr'>&#39;meliores</span> <span class='ocrx_word' id='word_1_98' title='bbox 1355 1084 1503 1127; x_wconf 84' lang='lat' dir='ltr'>sciunt</span> 
     </span>
     <span class='ocr_line' id='line_1_14' title="bbox 122 1143 1501 1209; baseline 0 -16"><span class='ocrx_word' id='word_1_99' title='bbox 122 1150 312 1203; x_wconf 85' lang='lat' dir='ltr'>efficere,</span> <span class='ocrx_word' id='word_1_100' title='bbox 342 1151 391 1194; x_wconf 93' lang='lat' dir='ltr'>hi</span> <span class='ocrx_word' id='word_1_101' title='bbox 412 1151 547 1194; x_wconf 84' lang='lat' dir='ltr'>etiam</span> <span class='ocrx_word' id='word_1_102' title='bbox 571 1153 785 1209; x_wconf 86' lang='lat' dir='ltr'>castigare</span> <span class='ocrx_word' id='word_1_103' title='bbox 801 1153 1108 1196; x_wconf 79' lang='lat' dir='ltr'>rectesciunt?</span> <span class='ocrx_word' id='word_1_104' title='bbox 1133 1152 1300 1197; x_wconf 74' lang='lat' dir='ltr'>Etiam.</span> <span class='ocrx_word' id='word_1_105' title='bbox 1327 1143 1501 1194; x_wconf 72' lang='lat' dir='ltr'>Ead&#39;eni</span> 
     </span>
     <span class='ocr_line' id='line_1_15' title="bbox 118 1218 1500 1276; baseline 0 -16"><span class='ocrx_word' id='word_1_106' title='bbox 118 1218 258 1275; x_wconf 86' lang='lat' dir='ltr'>igitur</span> <span class='ocrx_word' id='word_1_107' title='bbox 288 1232 360 1260; x_wconf 83' lang='lat' dir='ltr'>ars</span> <span class='ocrx_word' id='word_1_108' title='bbox 391 1219 602 1261; x_wconf 78' lang='lat' dir='ltr'>meliores</span> <span class='ocrx_word' id='word_1_109' title='bbox 627 1219 761 1263; x_wconf 88' lang='lat' dir='ltr'>efficit</span> <span class='ocrx_word' id='word_1_110' title='bbox 779 1228 988 1276; x_wconf 87' lang='lat' dir='ltr'>recteque</span> <span class='ocrx_word' id='word_1_111' title='bbox 1011 1220 1224 1276; x_wconf 79' lang='lat' dir='ltr'>castigat?</span> <span class='ocrx_word' id='word_1_112' title='bbox 1280 1219 1392 1270; x_wconf 83' lang='lat' dir='ltr'>Aio,</span> <span class='ocrx_word' id='word_1_113' title='bbox 1422 1219 1500 1260; x_wconf 89' lang='lat' dir='ltr'>in-</span> 
     </span>
     <span class='ocr_line' id='line_1_16' title="bbox 119 1284 1497 1344; baseline -0.001 -17"><span class='ocrx_word' id='word_1_114' title='bbox 119 1285 230 1344; x_wconf 83' lang='lat' dir='ltr'>quit.</span> <span class='ocrx_word' id='word_1_115' title='bbox 286 1284 412 1343; x_wconf 85' lang='lat' dir='ltr'><strong>Quid</strong></span> <span class='ocrx_word' id='word_1_116' title='bbox 431 1301 572 1343; x_wconf 89' lang='lat' dir='ltr'>porro</span> <span class='ocrx_word' id='word_1_117' title='bbox 586 1286 609 1328; x_wconf 63' lang='lat' dir='ltr'>Y</span> <span class='ocrx_word' id='word_1_118' title='bbox 646 1294 804 1333; x_wconf 87' lang='lat' dir='ltr'>utrum</span> <span class='ocrx_word' id='word_1_119' title='bbox 829 1301 943 1343; x_wconf 85' lang='lat' dir='ltr'>quae</span> <span class='ocrx_word' id='word_1_120' title='bbox 963 1287 1177 1330; x_wconf 85' lang='lat' dir='ltr'>meliores</span> <span class='ocrx_word' id='word_1_121' title='bbox 1197 1285 1329 1340; x_wconf 88' lang='lat' dir='ltr'>efficit</span> <span class='ocrx_word' id='word_1_122' title='bbox 1348 1294 1497 1329; x_wconf 77' lang='lat' dir='ltr'>recte-</span> 
     </span>
     <span class='ocr_line' id='line_1_17' title="bbox 118 1343 1500 1411; baseline 0 -16"><span class='ocrx_word' id='word_1_123' title='bbox 118 1368 205 1410; x_wconf 84' lang='lat' dir='ltr'>que</span> <span class='ocrx_word' id='word_1_124' title='bbox 226 1353 430 1410; x_wconf 81' lang='lat' dir='ltr'>castigat,</span> <span class='ocrx_word' id='word_1_125' title='bbox 458 1352 567 1395; x_wconf 85' lang='lat' dir='ltr'>haec</span> <span class='ocrx_word' id='word_1_126' title='bbox 590 1352 725 1398; x_wconf 86' lang='lat' dir='ltr'>etiam</span> <span class='ocrx_word' id='word_1_127' title='bbox 742 1354 969 1411; x_wconf 85' lang='lat' dir='ltr'>cognoscit</span> <span class='ocrx_word' id='word_1_128' title='bbox 987 1343 1130 1397; x_wconf 70' lang='lat' dir='ltr'>Bonos</span> <span class='ocrx_word' id='word_1_129' title='bbox 1152 1362 1195 1397; x_wconf 88' lang='lat' dir='ltr'>et</span> <span class='ocrx_word' id='word_1_130' title='bbox 1218 1368 1383 1411; x_wconf 84' lang='lat' dir='ltr'>pravos</span> <span class='ocrx_word' id='word_1_131' title='bbox 1397 1387 1409 1405; x_wconf 88' lang='lat'><em>,</em></span> <span class='ocrx_word' id='word_1_132' title='bbox 1440 1368 1500 1411; x_wconf 74' lang='lat' dir='ltr'>an</span> 
     </span>
     <span class='ocr_line' id='line_1_18' title="bbox 118 1419 1497 1479; baseline -0.001 -16"><span class='ocrx_word' id='word_1_133' title='bbox 118 1421 205 1464; x_wconf 85' lang='lat' dir='ltr'>alia</span> <span class='ocrx_word' id='word_1_134' title='bbox 234 1421 357 1478; x_wconf 78' lang='lat' dir='ltr'>qua?</span> <span class='ocrx_word' id='word_1_135' title='bbox 413 1419 616 1472; x_wconf 86' lang='lat' dir='ltr'>Eadem,</span> <span class='ocrx_word' id='word_1_136' title='bbox 654 1421 817 1478; x_wconf 86' lang='lat' dir='ltr'>inquit.</span> <span class='ocrx_word' id='word_1_137' title='bbox 873 1421 1071 1466; x_wconf 85' lang='lat' dir='ltr'>Volesne</span> <span class='ocrx_word' id='word_1_138' title='bbox 1101 1421 1250 1479; x_wconf 74' lang='lat' dir='ltr'>igitur,</span> <span class='ocrx_word' id='word_1_139' title='bbox 1275 1422 1411 1465; x_wconf 86' lang='lat' dir='ltr'>etiam</span> <span class='ocrx_word' id='word_1_140' title='bbox 1441 1420 1497 1461; x_wconf 82' lang='lat' dir='ltr'>de</span> 
     </span>
     <span class='ocr_line' id='line_1_19' title="bbox 116 1486 1497 1545; baseline -0.001 -15"><span class='ocrx_word' id='word_1_141' title='bbox 116 1487 374 1532; x_wconf 79' lang='lat' dir='ltr'>hominibus</span> <span class='ocrx_word' id='word_1_142' title='bbox 394 1486 481 1531; x_wconf 84' lang='lat' dir='ltr'>hoc</span> <span class='ocrx_word' id='word_1_143' title='bbox 499 1487 770 1540; x_wconf 83' lang='lat' dir='ltr'>concedere,</span> <span class='ocrx_word' id='word_1_144' title='bbox 799 1504 910 1545; x_wconf 86' lang='lat' dir='ltr'>quae</span> <span class='ocrx_word' id='word_1_145' title='bbox 929 1488 1137 1532; x_wconf 86' lang='lat' dir='ltr'>meliores</span> <span class='ocrx_word' id='word_1_146' title='bbox 1161 1488 1368 1532; x_wconf 87' lang='lat' dir='ltr'>homines</span> <span class='ocrx_word' id='word_1_147' title='bbox 1387 1487 1497 1531; x_wconf 82' lang='lat' dir='ltr'>red-</span> 
     </span>
     <span class='ocr_line' id='line_1_20' title="bbox 117 1555 1496 1612; baseline 0 -14"><span class='ocrx_word' id='word_1_148' title='bbox 117 1555 217 1608; x_wconf 80' lang='lat' dir='ltr'>dat,</span> <span class='ocrx_word' id='word_1_149' title='bbox 245 1570 344 1600; x_wconf 87' lang='lat' dir='ltr'>eam</span> <span class='ocrx_word' id='word_1_150' title='bbox 367 1570 462 1598; x_wconf 86' lang='lat' dir='ltr'>esse</span> <span class='ocrx_word' id='word_1_151' title='bbox 482 1555 618 1599; x_wconf 88' lang='lat' dir='ltr'>etiam</span> <span class='ocrx_word' id='word_1_152' title='bbox 636 1564 759 1599; x_wconf 87' lang='lat' dir='ltr'>recte</span> <span class='ocrx_word' id='word_1_153' title='bbox 779 1556 1066 1612; x_wconf 75' lang='lat' dir='ltr'>castigantem</span> <span class='ocrx_word' id='word_1_154' title='bbox 1086 1563 1131 1598; x_wconf 89' lang='lat' dir='ltr'>et</span> <span class='ocrx_word' id='word_1_155' title='bbox 1164 1556 1496 1601; x_wconf 82' lang='lat' dir='ltr'>discernentem</span> 
     </span>
     <span class='ocr_line' id='line_1_21' title="bbox 114 1621 1493 1682; baseline -0.001 -17"><span class='ocrx_word' id='word_1_156' title='bbox 114 1622 256 1666; x_wconf 79' lang='lat' dir='ltr'>bonos</span> <span class='ocrx_word' id='word_1_157' title='bbox 302 1631 348 1666; x_wconf 86' lang='lat' dir='ltr'>et</span> <span class='ocrx_word' id='word_1_158' title='bbox 384 1622 653 1682; x_wconf 76' lang='lat' dir='ltr'>improbos?</span> <span class='ocrx_word' id='word_1_159' title='bbox 709 1621 826 1666; x_wconf 83' lang='lat' dir='ltr'>Sane</span> <span class='ocrx_word' id='word_1_160' title='bbox 857 1624 1064 1678; x_wconf 87' lang='lat' dir='ltr'>quidem,</span> <span class='ocrx_word' id='word_1_161' title='bbox 1102 1623 1264 1679; x_wconf 79' lang='lat' dir='ltr'>inquit.</span> <span class='ocrx_word' id='word_1_162' title='bbox 1329 1623 1493 1667; x_wconf 88' lang='lat' dir='ltr'>Nonne</span> 
     </span>
     <span class='ocr_line' id='line_1_22' title="bbox 117 1688 1494 1747; baseline -0.001 -14"><span class='ocrx_word' id='word_1_163' title='bbox 117 1705 227 1747; x_wconf 85' lang='lat' dir='ltr'>quae</span> <span class='ocrx_word' id='word_1_164' title='bbox 255 1704 422 1743; x_wconf 89' lang='lat' dir='ltr'>unum,</span> <span class='ocrx_word' id='word_1_165' title='bbox 476 1690 612 1735; x_wconf 88' lang='lat' dir='ltr'>etiam</span> <span class='ocrx_word' id='word_1_166' title='bbox 643 1688 831 1742; x_wconf 85' lang='lat' dir='ltr'>multos,</span> <span class='ocrx_word' id='word_1_167' title='bbox 889 1697 933 1732; x_wconf 91' lang='lat' dir='ltr'>et</span> <span class='ocrx_word' id='word_1_168' title='bbox 963 1704 1077 1746; x_wconf 85' lang='lat' dir='ltr'>quae</span> <span class='ocrx_word' id='word_1_169' title='bbox 1109 1692 1301 1741; x_wconf 81' lang='lat' dir='ltr'>multos,</span> <span class='ocrx_word' id='word_1_170' title='bbox 1357 1689 1494 1731; x_wconf 83' lang='lat' dir='ltr'>etiam</span> 
     </span>
     <span class='ocr_line' id='line_1_23' title="bbox 115 1749 1492 1813; baseline -0.002 -13"><span class='ocrx_word' id='word_1_171' title='bbox 115 1757 292 1801; x_wconf 81' lang='lat' dir='ltr'>unum?</span> <span class='ocrx_word' id='word_1_172' title='bbox 348 1757 484 1802; x_wconf 84' lang='lat' dir='ltr'>Vero.</span> <span class='ocrx_word' id='word_1_173' title='bbox 539 1757 600 1802; x_wconf 88' lang='lat' dir='ltr'>Et</span> <span class='ocrx_word' id='word_1_174' title='bbox 629 1756 684 1799; x_wconf 81' lang='lat' dir='ltr'>de</span> <span class='ocrx_word' id='word_1_175' title='bbox 713 1755 837 1812; x_wconf 87' lang='lat' dir='ltr'>equis</span> <span class='ocrx_word' id='word_1_176' title='bbox 867 1763 912 1799; x_wconf 86' lang='lat' dir='ltr'>et</span> <span class='ocrx_word' id='word_1_177' title='bbox 937 1756 1124 1813; x_wconf 84' lang='lat' dir='ltr'>reliquis</span> <span class='ocrx_word' id='word_1_178' title='bbox 1154 1749 1362 1799; x_wconf 86' lang='lat' dir='ltr'>omnibus</span> <span class='ocrx_word' id='word_1_179' title='bbox 1390 1755 1492 1798; x_wconf 76' lang='lat' dir='ltr'>ita?</span> 
     </span>
     <span class='ocr_line' id='line_1_24' title="bbox 117 1822 1492 1882; baseline -0.002 -15"><span class='ocrx_word' id='word_1_180' title='bbox 117 1824 221 1867; x_wconf 87' lang='lat' dir='ltr'>Aio.</span> <span class='ocrx_word' id='word_1_181' title='bbox 251 1822 485 1881; x_wconf 87' lang='lat' dir='ltr'>Quaenam</span> <span class='ocrx_word' id='word_1_182' title='bbox 504 1824 644 1882; x_wconf 84' lang='lat' dir='ltr'>igitur</span> <span class='ocrx_word' id='word_1_183' title='bbox 662 1822 846 1866; x_wconf 78' lang='lat' dir='ltr'>scientia</span> <span class='ocrx_word' id='word_1_184' title='bbox 865 1831 930 1866; x_wconf 86' lang='lat' dir='ltr'>est</span> <span class='ocrx_word' id='word_1_185' title='bbox 951 1839 1064 1881; x_wconf 83' lang='lat' dir='ltr'>quae</span> <span class='ocrx_word' id='word_1_186' title='bbox 1084 1825 1337 1882; x_wconf 80' lang='lat' dir='ltr'>petulanter</span> <span class='ocrx_word' id='word_1_187' title='bbox 1353 1838 1492 1880; x_wconf 81' lang='lat' dir='ltr'>agen—</span> 
     </span>
     <span class='ocr_line' id='line_1_25' title="bbox 115 1889 1492 1950; baseline 0 -18"><span class='ocrx_word' id='word_1_188' title='bbox 115 1898 183 1932; x_wconf 82' lang='lat' dir='ltr'>tes</span> <span class='ocrx_word' id='word_1_189' title='bbox 216 1890 266 1933; x_wconf 88' lang='lat' dir='ltr'>in</span> <span class='ocrx_word' id='word_1_190' title='bbox 296 1891 545 1937; x_wconf 84' lang='lat' dir='ltr'>civitatibus</span> <span class='ocrx_word' id='word_1_191' title='bbox 585 1891 793 1948; x_wconf 86' lang='lat' dir='ltr'>legesque</span> <span class='ocrx_word' id='word_1_192' title='bbox 819 1897 1167 1950; x_wconf 78' lang='lat' dir='ltr'>perrumpentes</span> <span class='ocrx_word' id='word_1_193' title='bbox 1198 1899 1321 1934; x_wconf 86' lang='lat' dir='ltr'>recte</span> <span class='ocrx_word' id='word_1_194' title='bbox 1357 1889 1492 1933; x_wconf 85' lang='lat' dir='ltr'>casti-</span> 
     </span>
     <span class='ocr_line' id='line_1_26' title="bbox 117 1956 1492 2013; baseline 0 -16"><span class='ocrx_word' id='word_1_195' title='bbox 117 1957 227 2013; x_wconf 75' lang='lat' dir='ltr'>gat?</span> <span class='ocrx_word' id='word_1_196' title='bbox 263 1972 415 2000; x_wconf 84' lang='lat' dir='ltr'>nonne</span> <span class='ocrx_word' id='word_1_197' title='bbox 440 1956 709 1999; x_wconf 78' lang='lat' dir='ltr'>iudiciaria?</span> <span class='ocrx_word' id='word_1_198' title='bbox 738 1967 748 1974; x_wconf 77' lang='grc'><em>“</em></span> <span class='ocrx_word' id='word_1_199' title='bbox 765 1957 928 2004; x_wconf 85' lang='lat' dir='ltr'>Etiam.</span> <span class='ocrx_word' id='word_1_200' title='bbox 984 1960 1193 2004; x_wconf 83' lang='lat' dir='ltr'>Aliamne</span> <span class='ocrx_word' id='word_1_201' title='bbox 1226 1956 1334 2000; x_wconf 85' lang='lat' dir='ltr'>dicis</span> <span class='ocrx_word' id='word_1_202' title='bbox 1357 1956 1492 1999; x_wconf 85' lang='lat' dir='ltr'>iusti-</span> 
     </span>
     <span class='ocr_line' id='line_1_27' title="bbox 114 2023 1489 2080; baseline -0.003 -12"><span class='ocrx_word' id='word_1_203' title='bbox 114 2026 254 2078; x_wconf 80' lang='lat' dir='ltr'>tiam,</span> <span class='ocrx_word' id='word_1_204' title='bbox 289 2040 348 2069; x_wconf 89' lang='lat' dir='ltr'>an</span> <span class='ocrx_word' id='word_1_205' title='bbox 376 2023 523 2067; x_wconf 75' lang='lat' dir='ltr'>hanc?</span> <span class='ocrx_word' id='word_1_206' title='bbox 560 2023 663 2066; x_wconf 84' lang='lat' dir='ltr'>Non</span> <span class='ocrx_word' id='word_1_207' title='bbox 693 2024 838 2069; x_wconf 76' lang='lat' dir='ltr'>aliam.</span> <span class='ocrx_word' id='word_1_208' title='bbox 895 2024 1059 2068; x_wconf 86' lang='lat' dir='ltr'>Nonne</span> <span class='ocrx_word' id='word_1_209' title='bbox 1095 2041 1206 2069; x_wconf 86' lang='lat' dir='ltr'>vero</span> <span class='ocrx_word' id='word_1_210' title='bbox 1244 2039 1330 2080; x_wconf 84' lang='lat' dir='ltr'>qua</span> <span class='ocrx_word' id='word_1_211' title='bbox 1368 2031 1489 2065; x_wconf 82' lang='lat' dir='ltr'>recte</span> 
     </span>
     <span class='ocr_line' id='line_1_28' title="bbox 116 2089 1490 2150; baseline -0.002 -16"><span class='ocrx_word' id='word_1_212' title='bbox 116 2091 352 2150; x_wconf 84' lang='lat' dir='ltr'>castigant,</span> <span class='ocrx_word' id='word_1_213' title='bbox 393 2105 443 2133; x_wconf 85' lang='lat' dir='ltr'>ea</span> <span class='ocrx_word' id='word_1_214' title='bbox 470 2089 606 2133; x_wconf 79' lang='lat' dir='ltr'>etiam</span> <span class='ocrx_word' id='word_1_215' title='bbox 639 2100 912 2147; x_wconf 86' lang='lat' dir='ltr'>cognoscunt</span> <span class='ocrx_word' id='word_1_216' title='bbox 932 2090 1074 2134; x_wconf 88' lang='lat' dir='ltr'>bonos</span> <span class='ocrx_word' id='word_1_217' title='bbox 1093 2107 1143 2134; x_wconf 87' lang='lat' dir='ltr'>ac</span> <span class='ocrx_word' id='word_1_218' title='bbox 1165 2106 1326 2149; x_wconf 81' lang='lat' dir='ltr'>pravos</span> <span class='ocrx_word' id='word_1_219' title='bbox 1345 2090 1366 2131; x_wconf 73' lang='lat'>¹?</span> <span class='ocrx_word' id='word_1_220' title='bbox 1422 2090 1490 2132; x_wconf 86' lang='lat' dir='ltr'>Ea</span> 
     </span>
     <span class='ocr_line' id='line_1_29' title="bbox 116 2158 1490 2215; baseline -0.002 -13"><span class='ocrx_word' id='word_1_221' title='bbox 116 2174 233 2202; x_wconf 87' lang='lat' dir='ltr'>sane.</span> <span class='ocrx_word' id='word_1_222' title='bbox 290 2158 386 2215; x_wconf 88' lang='lat' dir='ltr'>Qui</span> <span class='ocrx_word' id='word_1_223' title='bbox 410 2172 520 2200; x_wconf 86' lang='lat' dir='ltr'>vero</span> <span class='ocrx_word' id='word_1_224' title='bbox 542 2170 686 2199; x_wconf 89' lang='lat' dir='ltr'>unum</span> <span class='ocrx_word' id='word_1_225' title='bbox 706 2159 955 2215; x_wconf 87' lang='lat' dir='ltr'>cognoscit,</span> <span class='ocrx_word' id='word_1_226' title='bbox 983 2159 1029 2201; x_wconf 71' lang='lat' dir='ltr'>is‘</span> <span class='ocrx_word' id='word_1_227' title='bbox 1044 2159 1178 2212; x_wconf 86' lang='lat' dir='ltr'>etiam</span> <span class='ocrx_word' id='word_1_228' title='bbox 1196 2158 1360 2202; x_wconf 83' lang='lat' dir='ltr'>multos</span> <span class='ocrx_word' id='word_1_229' title='bbox 1380 2173 1490 2214; x_wconf 83' lang='lat' dir='ltr'>cog-</span> 
     </span>
     <span class='ocr_line' id='line_1_30' title="bbox 114 2222 1486 2282; baseline -0.005 -12"><span class='ocrx_word' id='word_1_230' title='bbox 114 2226 296 2270; x_wconf 71' lang='lat' dir='ltr'>noscet?</span> <span class='ocrx_word' id='word_1_231' title='bbox 353 2222 494 2269; x_wconf 67' lang='lat' dir='ltr'>verm</span> <span class='ocrx_word' id='word_1_232' title='bbox 545 2223 605 2268; x_wconf 90' lang='lat' dir='ltr'>Et</span> <span class='ocrx_word' id='word_1_233' title='bbox 634 2224 709 2282; x_wconf 90' lang='lat' dir='ltr'>qui</span> <span class='ocrx_word' id='word_1_234' title='bbox 737 2225 901 2269; x_wconf 87' lang='lat' dir='ltr'>multos</span> <span class='ocrx_word' id='word_1_235' title='bbox 918 2226 1125 2281; x_wconf 62' lang='lat' dir='ltr'>ignorat,&gt;</span> <span class='ocrx_word' id='word_1_236' title='bbox 1154 2226 1288 2269; x_wconf 85' lang='lat' dir='ltr'>etiam</span> <span class='ocrx_word' id='word_1_237' title='bbox 1313 2225 1486 2268; x_wconf 72' lang='lat' dir='ltr'>unuin‘?</span> 
     </span>
     <span class='ocr_line' id='line_1_31' title="bbox 117 2293 1487 2351; baseline -0.004 -13"><span class='ocrx_word' id='word_1_238' title='bbox 117 2295 219 2338; x_wconf 89' lang='lat' dir='ltr'>Aio.</span> <span class='ocrx_word' id='word_1_239' title='bbox 288 2293 385 2337; x_wconf 80' lang='lat' dir='ltr'>Iam</span> <span class='ocrx_word' id='word_1_240' title='bbox 415 2293 453 2335; x_wconf 80' lang='lat' dir='ltr'>si</span> <span class='ocrx_word' id='word_1_241' title='bbox 484 2306 624 2348; x_wconf 84' lang='lat' dir='ltr'>equus</span> <span class='ocrx_word' id='word_1_242' title='bbox 654 2302 766 2336; x_wconf 85' lang='lat' dir='ltr'>esset</span> <span class='ocrx_word' id='word_1_243' title='bbox 784 2301 827 2336; x_wconf 82' lang='lat' dir='ltr'>et</span> <span class='ocrx_word' id='word_1_244' title='bbox 850 2293 1074 2351; x_wconf 83' lang='lat' dir='ltr'>ignoraret</span> <span class='ocrx_word' id='word_1_245' title='bbox 1101 2295 1237 2338; x_wconf 84' lang='lat' dir='ltr'>bonos</span> <span class='ocrx_word' id='word_1_246' title='bbox 1261 2301 1304 2334; x_wconf 85' lang='lat' dir='ltr'>et</span> <span class='ocrx_word' id='word_1_247' title='bbox 1322 2307 1487 2349; x_wconf 80' lang='lat' dir='ltr'>pravos</span> 
     </span>
     <span class='ocr_line' id='line_1_32' title="bbox 118 2359 1483 2418; baseline 0.002 -17"><span class='ocrx_word' id='word_1_248' title='bbox 118 2375 273 2416; x_wconf 84' lang='lat' dir='ltr'>equos,</span> <span class='ocrx_word' id='word_1_249' title='bbox 299 2361 432 2404; x_wconf 87' lang='lat' dir='ltr'>etiam</span> <span class='ocrx_word' id='word_1_250' title='bbox 454 2368 597 2403; x_wconf 87' lang='lat' dir='ltr'>semet</span> <span class='ocrx_word' id='word_1_251' title='bbox 616 2359 766 2416; x_wconf 89' lang='lat' dir='ltr'>ipsum</span> <span class='ocrx_word' id='word_1_252' title='bbox 784 2359 1013 2417; x_wconf 83' lang='lat' dir='ltr'>ignoraret</span> <span class='ocrx_word' id='word_1_253' title='bbox 1032 2361 1172 2418; x_wconf 81' lang='lat' dir='ltr'>qualis</span> <span class='ocrx_word' id='word_1_254' title='bbox 1192 2360 1336 2403; x_wconf 77' lang='lat' dir='ltr'>esset?</span> <span class='ocrx_word' id='word_1_255' title='bbox 1381 2360 1483 2404; x_wconf 83' lang='lat' dir='ltr'>Aio.</span> 
     </span>
     <span class='ocr_line' id='line_1_33' title="bbox 119 2426 1487 2485; baseline -0.002 -16"><span class='ocrx_word' id='word_1_256' title='bbox 119 2428 177 2472; x_wconf 79' lang='lat' dir='ltr'>Et</span> <span class='ocrx_word' id='word_1_257' title='bbox 202 2428 239 2470; x_wconf 81' lang='lat' dir='ltr'>si</span> <span class='ocrx_word' id='word_1_258' title='bbox 260 2427 346 2470; x_wconf 84' lang='lat' dir='ltr'>bos</span> <span class='ocrx_word' id='word_1_259' title='bbox 359 2435 471 2470; x_wconf 81' lang='lat' dir='ltr'>esset</span> <span class='ocrx_word' id='word_1_260' title='bbox 490 2435 534 2470; x_wconf 84' lang='lat' dir='ltr'>et</span> <span class='ocrx_word' id='word_1_261' title='bbox 551 2426 778 2484; x_wconf 84' lang='lat' dir='ltr'>ignoraret</span> <span class='ocrx_word' id='word_1_262' title='bbox 799 2442 963 2485; x_wconf 86' lang='lat' dir='ltr'>pravos</span> <span class='ocrx_word' id='word_1_263' title='bbox 983 2443 1032 2469; x_wconf 82' lang='lat' dir='ltr'>ac</span> <span class='ocrx_word' id='word_1_264' title='bbox 1054 2429 1215 2479; x_wconf 83' lang='lat' dir='ltr'>bonos,</span> <span class='ocrx_word' id='word_1_265' title='bbox 1253 2435 1394 2471; x_wconf 83' lang='lat' dir='ltr'>semet</span> <span class='ocrx_word' id='word_1_266' title='bbox 1412 2428 1487 2484; x_wconf 81' lang='lat' dir='ltr'>ip-</span> 
     </span>
     <span class='ocr_line' id='line_1_34' title="bbox 118 2495 1489 2551; baseline 0 -16"><span class='ocrx_word' id='word_1_267' title='bbox 118 2509 216 2536; x_wconf 90' lang='lat' dir='ltr'>sum</span> <span class='ocrx_word' id='word_1_268' title='bbox 262 2509 437 2551; x_wconf 87' lang='lat' dir='ltr'>quoque</span> <span class='ocrx_word' id='word_1_269' title='bbox 473 2495 704 2551; x_wconf 85' lang='lat' dir='ltr'>ignoraret</span> <span class='ocrx_word' id='word_1_270' title='bbox 734 2495 876 2551; x_wconf 83' lang='lat' dir='ltr'>qualis</span> <span class='ocrx_word' id='word_1_271' title='bbox 907 2496 1051 2538; x_wconf 78' lang='lat' dir='ltr'>esset?</span> <span class='ocrx_word' id='word_1_272' title='bbox 1108 2495 1285 2545; x_wconf 80' lang='lat' dir='ltr'>Etiam,</span> <span class='ocrx_word' id='word_1_273' title='bbox 1324 2495 1489 2551; x_wconf 76' lang='lat' dir='ltr'>inquit:</span> 
     </span>
     <span class='ocr_line' id='line_1_35' title="bbox 120 2555 1488 2620; baseline -0.001 -16"><span class='ocrx_word' id='word_1_274' title='bbox 120 2563 188 2604; x_wconf 87' lang='lat' dir='ltr'>Ita</span> <span class='ocrx_word' id='word_1_275' title='bbox 217 2562 351 2604; x_wconf 85' lang='lat' dir='ltr'>etiam</span> <span class='ocrx_word' id='word_1_276' title='bbox 378 2563 415 2604; x_wconf 86' lang='lat' dir='ltr'>si</span> <span class='ocrx_word' id='word_1_277' title='bbox 444 2562 595 2604; x_wconf 77' lang='lat' dir='ltr'>canis?</span> <span class='ocrx_word' id='word_1_278' title='bbox 653 2561 894 2605; x_wconf 85' lang='lat' dir='ltr'>Concessit.</span> <span class='ocrx_word' id='word_1_279' title='bbox 955 2555 1077 2620; x_wconf 85' lang='lat' dir='ltr'>Quid</span> <span class='ocrx_word' id='word_1_280' title='bbox 1110 2578 1242 2616; x_wconf 85' lang='lat' dir='ltr'>vero,</span> <span class='ocrx_word' id='word_1_281' title='bbox 1285 2564 1321 2606; x_wconf 87' lang='lat' dir='ltr'>si</span> <span class='ocrx_word' id='word_1_282' title='bbox 1354 2563 1488 2604; x_wconf 85' lang='lat' dir='ltr'>homo</span> 
     </span>
     <span class='ocr_line' id='line_1_36' title="bbox 121 2628 1491 2687; baseline -0.001 -17"><span class='ocrx_word' id='word_1_283' title='bbox 121 2628 283 2686; x_wconf 83' lang='lat' dir='ltr'>aliquis</span> <span class='ocrx_word' id='word_1_284' title='bbox 310 2636 375 2672; x_wconf 80' lang='lat' dir='ltr'>est</span> <span class='ocrx_word' id='word_1_285' title='bbox 406 2637 449 2672; x_wconf 74' lang='lat' dir='ltr'>et</span> <span class='ocrx_word' id='word_1_286' title='bbox 475 2631 653 2687; x_wconf 83' lang='lat' dir='ltr'>ignorat</span> <span class='ocrx_word' id='word_1_287' title='bbox 681 2630 822 2673; x_wconf 72' lang='lat' dir='ltr'>bonos</span> <span class='ocrx_word' id='word_1_288' title='bbox 850 2640 894 2675; x_wconf 85' lang='lat' dir='ltr'>et</span> <span class='ocrx_word' id='word_1_289' title='bbox 914 2630 1054 2674; x_wconf 83' lang='lat' dir='ltr'>malos</span> <span class='ocrx_word' id='word_1_290' title='bbox 1072 2631 1301 2684; x_wconf 85' lang='lat' dir='ltr'>homines,</span> <span class='ocrx_word' id='word_1_291' title='bbox 1341 2643 1491 2672; x_wconf 82' lang='lat' dir='ltr'>nonno</span> 
     </span>
    </p>
   </div>
  </div>
 </body>
</html>
