1734 2872
340 166 341 171 ’
396 169 819 218 ammanus
861 162 1235 218 securibus.
1401 183 1493 221 317
1558 227 1562 231 .

129 297 399 356 arrogares,
435 295 616 338 intusne
647 284 783 344 esset)
824 306 928 336 eum
949 293 1100 350 ipsum
1115 325 1127 347 ‚
1159 293 1500 340 aliumvnullum

127 372 362 408 necaturus
376 395 388 417 ‚
438 361 645 405 homines
670 374 672 379 ’
689 369 839 415 autem
875 361 1201 418 responderent
1237 377 1342 406 eum
1377 362 1515 406 intus

131 447 244 474 esse:
267 446 358 473 non
378 431 476 472 dico
498 439 542 472 te
565 428 681 474 velle
697 442 830 486 posse
841 427 930 470 tale
941 427 1045 484 quid
1059 427 1234 482 facere3
1261 430 1372 481 atsi,
1394 431 1500 488 opi÷

127 514 236 550 nor,
261 497 491 546 videretur
509 496 594 540 tibi
616 496 704 548 ita,
737 495 853 553 quod
877 495 1112 552 quominus
1133 496 1216 539 tibi
1234 496 1378 540 videri
1394 513 1504 556 pos-

126 568 184 611 sit
218 568 439 625 optimum
462 563 688 622 ignoranti
706 563 823 606 nihil
844 561 1080 622 prohibet,
1110 571 1154 606 et
1170 562 1279 606 haec
1299 564 1381 608 tibi
1402 566 1503 624 opi-

122 635 200 677 nio
229 634 448 677 incideret
469 642 523 676 ut-
541 633 673 675 etiam
692 631 942 690 pessimum
961 629 1244 674 existimares
1262 632 1501 690 aliquando

125 702 484 759 optimumesse3
511 716 568 744 an
589 715 680 743 non
701 702 832 759 putas
851 699 934 743 tihi
952 698 1038 742 hoc
1059 698 1263 743 accidere
1280 702 1446 758 posse?

232 779 310 821 Al.
345 777 695 836 ·S'ane‘quidem.

235 855 306 898 So.
350 854 414 898 'Si
446 847 585 912 igitur
612 855 783 897 intrans
808 862 851 897 et
875 853 1026 912 ipsum
1042 852 1172 898 illum
1189 853 1347 896 videns
1368 853 1502 912 igno-

123 937 246 964 rares
276 931 319 965 et
349 930 531 980 putares
548 922 688 965 alium
714 935 807 965 esse
829 920 1116 979 quempiam,
1151 937 1263 966 num
1286 937 1393 966 eum
1410 923 1504 967 iam

123 988 313 1031 auderes
327 987 583 1032 interficere
593 989 615 1030 ¹?

232 1065 311 1110 Al.
368 1063 718 1130 Haudquaquam
736 1065 888 1108 hercle
909 1074 1037 1138 puto.

234 1140 307 1185 So.
364 1140 468 1183 Non
492 1140 629 1191 enim,
657 1149 704 1183 ut
736 1141 912 1200 opinor,
941 1156 1043 1184 eum
1066 1141 1117 1184 in
1137 1156 1272 1205 quem
1291 1138 1444 1189 forte
1429 1160 1507 1187 m-

123 1204 315 1262 cideres,
348 1207 427 1249 sed
456 1209 609 1266 ipsum
634 1207 764 1267 illum
787 1207 992 1252 volueras
1009 1199 1301 1274 interficere3
1317 1214 1503 1260 nonne?

228 1285 306 1328 Al.
362 1283 529 1327 Etia'm'.

231 1363 302 1404 So.
359 1359 427 1403 Ac
451 1359 490 1402 si
511 1360 688 1418 saepius
710 1361 754 1404 id
777 1364 1067 1420 susciperes,
1094 1376 1274 1421 semper
1293 1378 1404 1410 ve1o
1429 1367 1502 1426 ig-

118 1442 300 1472 norares
333 1428 578 1480 Periclem,
618 1430 794 1487 quando
829 1429 916 1472 hoc
940 1429 1141 1475 facturus
1174 1447 1315 1490 esses,
1362 1450 1500 1479 num-

118 1509 250 1555 quam
273 1511 377 1547 eum
398 1495 638 1551 adorirere.

212 1564 302 1610 ΛΖ.
358 1565 566 1609 Minime.

357 1630 482 1690 Quid
506 1649 533 1676 v
523 1634 648 1676 ero?
677 1649 789 1677 num
810 1635 1000 1677 Oresten
1018 1645 1148 1694 putas
1169 1651 1385 1695 umquam
1397 1655 1498 1684 ma·-

115 1706 231 1742 trem
228 1632 363 1741 Sador
366 1708 437 1742 tur
442 1715 519 1743 um
537 1700 701 1755 fuisse,
730 1702 767 1744 si
784 1702 942 1745 itidem
964 1718 1063 1746 eam
1081 1703 1363 1761 ignorasset?

223 1766 296 1809 Al
352 1767 458 1810 Non
477 1762 674 1812 arbitrm
696 1768 917 1825 equidem.

229 1834 302 1876 So.
360 1834 543 1880 Etenim
574 1851 656 1879 nec
684 1837 761 1880 ille
790 1838 994 1893 quamvis
1013 1839 1061 1882 in
1084 1855 1219 1896 quam
1234 1837 1390 1898 folte‘
1375 1842 1496 1887 mci-

117 1899 197 1940 ἀει
201 1908 244 1941 et
284 1902 549 1956 mulierem,
597 1918 743 1960 neque
775 1905 973 1948 cuiusvis
999 1916 1193 1954 matrem
1224 1911 1498 1968 cogitaverat

118 1965 372 2020 trucidare,
398 1967 474 2009 sed
494 1983 621 2011 suam
638 1969 736 2029 ipse
755 1980 961 2016 matrem

220 2033 295 2076 Al
354 2033 469 2078 Sunt
486 2034 580 2078 ista

225 2102 298 2146 So,
357 2101 571 2158 Ignorare
600 2117 706 2162 ergo
742 2105 848 2148 talia
877 2100 1041 2150 melius
1073 2116 1139 2151 est
1167 2108 1229 2152 ita
1258 2109 1427 2154 affectis
1450 2121 1494 2156 et

110 2168 219 2211 haec
239 2169 544 2226 cogitantibus.

220 2235 297 2278 Al.
320 2276 324 2282 ,
354 2236 495 2279 Patet.

225 2302 294 2345 So
353 2303 491 2348 Vides
535 2305 694 2358 igitur,
738 2306 1038 2364 ignorantiam
1067 2311 1383 2357 nonnullarum
1412 2328 1490 2356 re-

111 2381 216 2410 rum
261 2355 491 2413 nonnullis
520 2381 564 2415 et
594 2373 739 2430 aliquo
768 2375 900 2418 modo
935 2393 981 2419 se
1012 2378 1277 2422 habentibus
1306 2379 1485 2436 bonam,

110 2449 203 2476 non
227 2436 389 2480 malam
413 2454 532 2492 esse,
562 2449 610 2482 ut
632 2441 766 2483 modo
790 2443 871 2485 tibi
890 2445 1138 2490 videbatur.

220 2501 296 2544 Al.
352 2503 710 2550 Consentaneum
734 2517 810 2551 est.

222 2569 295 2610 So.
352 2570 607 2627 Piaeterea‚
637 2576 673 2617 si
694 2576 786 2628 vis,
823 2577 869 2620 id
893 2579 1014 2636 quod
1039 2579 1245 2639 deinceps
1265 2584 1479 2639 sequitui,

109 2642 280 2691 specta,
307 2638 566 2685 admirabile
589 2642 708 2699 quod
730 2643 916 2689 forsitan
939 2647 1022 2690 tibi
1042 2648 1247 2692 videatur
1265 2665 1370 2692 esse.
