1734 2872
598 168 1047 224 R'rvALns,
1284 204 1286 206 -
1390 183 1508 226 *87²7

146 308 285 346 semet
306 299 461 360 ipsum
487 298 663 356 ignorat
692 302 845 342 utrum
863 297 1008 340 bonus
1029 295 1087 340 sit:
1106 292 1167 339 an
1182 295 1354 351 malusj'
1373 311 1515 355 quum

145 379 190 413 et
216 369 312 426 ipse
329 383 504 424 quoque
524 366 662 409 homo
678 365 766 408 sit?
819 364 1062 407 Concessit.
1115 363 1208 408 Se·
1195 379 1347 422 ipsum
1366 374 1517 410 autem

146 436 358 492 ignorate
379 434 646 493 prudentiae
667 440 733 475 est
751 446 808 474 an
830 430 1223 489 imprudentiae?
1247 433 1519 491 Impruden-

146 503 246 546 tiae.
305 502 365 546 Se
406 502 556 559 ipsum
585 500 724 558 igitur
757 513 948 541 noscere
981 506 1046 541 est
1061 497 1360 552 prudentlae?
1415 499 1518 553 Aio,

142 569 302 627 inquit.
362 569 461 614 Hoc
481 583 614 626 ergo,
638 575 690 609 ut
712 566 916 618 videtui,
942 564 1338 623 etiamDelphica
1323 567 1522 626 inscrip-

144 637 207 680 tio
240 636 452 682 admonet
479 645 532 679 u-t.
557 635 843 694 prudentiam
869 635 1067 677 colamus
1085 640 1131 675 et
1143 633 1375 678 iustitiam.
1433 635 1523 681 Vin

146 702 307 751 detur}
346 703 517 748 Eadem
538 718 651 748 vero
674 703 758 751 ‚hao
781 703 917 746 etiam
940 701 1155 759 castigare
1181 710 1305 745 recte
1325 704 1523 747 scimus?

146 773 252 816 Aio.
318 772 478 816 Nonne
509 786 595 829 qua
624 770 838 828 castigare
865 780 988 814 recte
1017 770 1208 823 scimus,
1246 768 1415 813 iustitia
1447 779 1527 837 εει,

147 855 235 896 qua
256 855 365 883 vero
387 839 680 883 discernimus
697 854 776 882 nos
794 838 916 896 ipsos
942 837 1117 889 etan-os,
1145 837 1420 895 prudentia?
1441 839 1527 884 Vi-

148 908 280 950 detur
294 939 307 960 ,
332 897 493 964 in‘quit.
548 906 717 949 Eadem
747 906 888 964 igitur
907 914 973 950 est
992 905 1164 949 iustitia
1189 914 1234 949 et
1254 906 1526 963 prudentia?

150 974 356 1018 Videtur.
386 975 453 1017 Ac
471 988 577 1016 sane
600 975 662 1016 ita
674 973 1065 1029 civitatesquoque
1078 972 1193 1014 bene
1203 972 1526 1030 gubernantur,

150 1042 190 1084 si
214 1042 373 1084 iniuste
391 1040 603 1084 facientes
625 1040 895 1099 puniunt-ur.
922 1040 1044 1084 Vera
1063 1039 1187 1093 dicis,
1214 1039 1378 1098 inquit.
1405 1042 1527 1100 Ergo

150 1109 299 1153 civilis
321 1103 501 1166 quoque-¹
518 1108 703 1154 scientia
723 1107 876 1168 eadem
897 1116 972 1151 est.
1029 1107 1247 1152 Assensit.
1304 1109 1428 1166 Quid
1449 1125 1528 1152 ve·
1574 1119 1576 1128 '

150 1177 238 1219 ro?
271 1177 309 1218 si
339 1191 456 1218 unus
484 1175 557 1218 vir
586 1184 707 1219 reete
740 1174 967 1218 civitatem
989 1176 1231 1232 gubernat,
1267 1191 1422 1221 nonne
1438 1193 1528 1220 no-

150 1257 257 1285 men
289 1242 330 1286 ei
361 1251 428 1285 est
456 1251 672 1300 tyrannus
702 1249 747 1285 et
777 1243 898 1284 rex?
947 1243 1050 1287 Aio,
1114 1245 1280 1288 Nonne
1320 1245 1446 1302 'regia
1487 1254 1531 1288 et

150 1310 386 1367 tyrannica
425 1318 524 1352 arte
560 1325 659 1353 eam
696 1308 947 1365 gubernat?
1003 1310 1087 1354 Ita.
1142 1311 1201 1357 Et'
1231 1307 1319 1357 hae
1347 1311 1530 1368 quidem

154 1377 337 1420 eaedem
374 1385 477 1419 sunt
506 1383 622 1419 artes
657 1383 788 1433 atque
810 1375 946 1418 illae?
1011 1377 1243 1425 Videntur.
1303 1376 1428 1437 Quid
1449 1394 1532 1423 ve·-

153 1445 242 1488 ro‘?
280 1444 315 1487 si
337 1460 454 1489 unus
474 1445 545 1487 vir
565 1445 752 1488 domum
775 1442 1057 1487 administrat
1074 1444 1211 1499 bene,
1248 1446 1355 1503 quid
1379 1448 1531 1490 nomi-

154 1512 225 1554 nis
245 1511 357 1556 huie
372 1512 472 1556 est?
509 1527 661 1558 nonne
681 1510 1017 1555 administrator
1037 1521 1082 1556 et
1102 1512 1314 1558 dominus
1332 1515 1530 1559 dicitur?

154 1576 320 1625 Etiam.
345 1635 349 1638 ἡ
376 1580 545 1623 Utrum
583 1595 693 1622 vero
724 1578 799 1621 hio
822 1594 1002 1635 quoque
1019 1580 1189 1624 iustitia
1206 1582 1323 1627 beno
1345 1583 1530 1629 domum

157 1647 463 1697 administrat,
510 1662 566 1689 an
604 1645 690 1688 alia
725 1660 812 1702 qua
850 1648 981 1689 arte?
1038 1648 1221 1692 Iustitia.
1277 1652 1359 1696 Est
1393 1653 1532 1711 igitur

156 1713 293 1766 idem,
330 1722 380 1757 ut
400 1720 538 1772 patet,
578 1727 678 1764 rex,
708 1720 937 1770 tyrannm,
963 1713 1035 1757 vir
1057 1716 1216 1769 civilis,
1247 1719 1534 1763 administra-

158 1788 256 1834 tor,
295 1774 527 1832 dominus,
554 1780 780 1837 prudens,
804 1782 973 1835 iustus3
1010 1789 1054 1825 et
1081 1797 1172 1825 una
1191 1786 1285 1829 'ars-
1309 1795 1375 1830 est
1394 1788 1531 1845 regia,

161 1847 416 1903 tyrannica,
456 1847 623 1899 civilis,
661 1847 907 1900 dominica,
949 1850 1182 1895 adminisn
1185 1853 1325 1906 atissa,
1347 1857 1534 1908 iustitia,

162 1913 666 1970 p1ude11tia.Videtu1
677 1946 692 1966 ,
734 1916 904 1973 inquit,
941 1916 1017 1960 ita.
1072 1918 1238 1963 Utrum
1269 1921 1410 1979 igitur
1433 1923 1533 1980 phi-

162 1980 377 2038 losopho,
414 1979 451 2021 si
483 1981 679 2023 medicus
715 1981 768 2023 de
797 1985 1126 2040 aeglotantibus
1160 1986 1327 2044 aliquid
1352 1989 1533 2042 dixerit,

163 2055 238 2089 tui
241 2062 296 2104 pe
329 2055 392 2089 est
422 2061 567 2122 neque
596 2049 767 2105 assequi
788 2065 917 2106 posse
937 2066 1047 2107 quae
1070 2052 1185 2096 dicta
1205 2053 1375 2099 fuerint
1394 2065 1537 2114 neque

151 2114 223 2177 *de
258 2130 338 2156 suo
369 2113 604 2170 quicquam
634 2114 840 2158 confene
873 2117 957 2159 de
944 2134 997 2160 ns
1021 2134 1132 2175 quae
1156 2121 1362 2165 dicantm
1385 2138 1434 2164 ac
1452 2139 1534 2181 ge-

165 2190 350 2231 rantul,
382 2190 426 2223 et
445 2182 480 2222 si
505 2181 616 2223 alius
636 2181 734 2238 quis
755 2183 992 2241 opificum,
1023 2185 1254 2239 similiter,
1292 2191 1362 2232 sin
1388 2199 1536 2236 autem

164 2249 303 2292 iudex
338 2249 410 2290 vel
431 2264 517 2291 rex
542 2249 613 2291 vel
635 2249 746 2292 alius
770 2253 867 2308 quis
896 2266 973 2294 em
978 2268 1052 2294 um
1072 2269 1180 2311 quos
1207 2257 1340 2299 modo
1361 2273 1538 2302 memo—-

166 2316 389 2367 1avimus‚
419 2332 507 2358 non
530 2325 662 2374 turpe
690 2317 797 2361 haec
814 2334 959 2374 neque
978 2321 1150 2378 assequi
1170 2337 1297 2379 posse
1316 2339 1460 2383 neque
1484 2326 1538 2368 de

167 2381 222 2423 iis
245 2384 477 2440 quicquam
501 2384 744 2431 confeire?
781 2385 952 2444 Quidni
983 2395 1140 2445 tutpe,
1168 2390 1375 2444 Socrate,
1405 2396 1539 2441 tantis

170 2448 226 2490 de
258 2450 391 2493 rebus
426 2452 542 2494 nihil
574 2468 703 2509 posse
735 2453 975 2499 confeire?
1012 2455 1216 2500 Utr'um
1202 2474 1251 2501 ln
1272 2459 1341 2502 his
1362 2477 1537 2518 quoque

171 2515 367 2560 d1camus
378 2550 391 2572 ‚
424 2519 633 2576 inquam,
668 2520 991 2579 philosophum
1023 2524 1413 2584 quinquertionem
1444 2545 1539 2573 esse
