1734 2872
406 150 775 194 APOLOGIA
816 144 1172 194 soan'r‘Is.
1381 159 1474 198 137

109 284 152 320 et
169 270 362 329 forsitan·
380 270 490 313 haec
510 270 622 315 mihi
637 274 777 329 ‘causa
793 268 951 313 fuisset
970 269 1129 314 mortis
1141 300 1155 324 ,
1183 270 1272 314 nisi
1290 262 1374 316 ista
1393 285 1481 330 po-⁴

107 350 234 387 testas
253 340 342 383 cito
363 337 536 382 sublata
560 347 686 382 esset.
723 337 858 380 huius
881 344 1032 380 autem
1051 339 1119 381 rei
1141 338 1270 382 vobis
1291 338 1480 398 plurimi

109 413 240 454 erunt
270 415 417 451 testes.
451 418 564 449 num
600 420 706 461 ergo
729 404 895 462 putatis
911 419 987 448 me
1006 413 1073 449 tot
1089 420 1230 449 annos
1249 415 1486 465 superatu-

105 486 208 520 rum
250 474 411 526 fuisse,
455 475 492 517 si
532 487 603 516 res
638 471 841 531 publicas
874 474 1358 532 tractassem-bonique
1392 475 1482 517 viri

103 543 284 587 functus
313 541 456 585 officio
487 540 693 584 iustitiae
727 540 1030 598 patrocinatus
1065 555 1206 584 essem
1238 550 1370 599 atque
1396 541 1483 585 hoc

104 619 155 655 ut.
178 611 316 664 decet,
346 609 532 667 plurimi
555 607 794 651 fecissem?
831 608 1028 661 multum
1047 623 1154 651 sane
1176 600 1312 662 abest,
1340 609 1484 653 Athe·-

104 679 305 732 nienses3
346 692 492 735 neque
514 676 636 719 enim
660 676 774 719 alius
796 676 1032 733 quisquam
1060 674 1296 720 hominum
1321 686 1484 734 potue-

104 745 182 788 rit.
226 752 271 788 at
309 760 388 803 ego
417 759 501 803 per
530 759 714 788 omnem
739 744 882 787 vitam
914 753 958 787 et
986 743 1169 801 publice
1199 743 1343 786 sicubi
1375 744 1484 801 quid

106 811 177 868 egi
204 812 301 856 talis
321 813 525 870 reperiar
547 820 592 855 et
609 811 824 868 privatim
850 812 972 855 idem
990 811 1092 866 ille,
1124 819 1284 869 utpote
1303 811 1382 871 qui
1401 827 1487 854 ne-

103 879 220 922 mini
251 894 464 937 umquam
494 881 792 923 concesserim
820 879 1060 936 quicquam
1088 886 1270 938 praeter
1291 890 1485 936 aequum

106 961 254 1003 neque
281 948 358 991 alii
386 962 538 1005 neque
561 947 727 991 horum
754 945 988 1003 cuiquam,
1026 962 1136 1004 quos
1163 946 1200 988 ii
1222 945 1301 1002 qui
1318 959 1392 988 me
1411 962 1488 989 ca-
1548 990 1556 997 „

108 1014 388 1057 lumniantur
423 1014 579 1058 dicunt
616 1028 744 1057 meos
783 1013 1023 1073 discipulos
1056 1029 1166 1058 esse.
1209 1027 1293 1070 ego
1334 1021 1486 1057 autem

107 1082 277 1125 nullius
319 1096 535 1139 umquam
556 1082 767 1139 magister
787 1080 881 1132 fui3
919 1081 995 1124 sed
1016 1082 1055 1124 si
1079 1080 1178 1139 quis
1199 1095 1274 1123 me
1291 1080 1486 1138 loquen-

107 1159 201 1193 tem
235 1158 279 1192 et
310 1164 430 1192 meas
464 1164 536 1190 res
568 1149 810 1192 obeuntem
836 1148 991 1191 audire
1015 1150 1163 1207 cupit,
1211 1148 1307 1192 sive
1329 1149 1488 1191 iunior

108 1216 204 1258 sive
234 1216 413 1268 senior,
448 1215 677 1257 neminem
699 1223 914 1272 umquam
934 1217 1167 1274 prohibui.
1204 1230 1351 1273 neque
1374 1230 1487 1259 vero

106 1284 144 1326 is
165 1298 264 1325 sum
291 1282 368 1340 qui
392 1281 584 1340 pecunia
601 1291 781 1339 accepta
802 1282 1031 1335 disseram,
1053 1299 1147 1326 non
1157 1290 1337 1340 accepta
1351 1284 1487 1326 omit-

107 1360 224 1404 tam,
254 1350 330 1393 sed
360 1344 491 1392 diviti
517 1350 691 1408 pariter
725 1357 857 1407 atque
889 1351 1083 1410 pauperi
1112 1358 1188 1394 me
1214 1349 1411 1409 praebeo
1437 1358 1489 1393 ut

107 1415 184 1463 ‘me
208 1421 479 1475 interroget,
515 1425 560 1461 et
584 1417 623 1460 si
643 1417 718 1461 cui
735 1418 871 1472 libet,
904 1417 1179 1477 respondens
1201 1418 1352 1464 audiat
1373 1432 1487 1475 quae

110 1487 224 1531 dico.
251 1495 382 1543 atque
400 1483 584 1537 horum,
615 1485 710 1529 sive
730 1485 829 1544 quis
850 1486 1022 1545 probus
1043 1485 1094 1529 fit
1114 1485 1210 1530 sive
1230 1485 1488 1544 improbus,

110 1555 288 1612 culpam
309 1566 400 1596 non
422 1552 714 1596 sustinuerim
731 1554 857 1606 iure,
886 1569 1026 1611 quum
1046 1553 1159 1597 nulli
1180 1568 1340 1598 eorum
1360 1553 1490 1612 quic-

109 1637 245 1680 quam
280 1619 506 1663 doctrinae
543 1635 690 1679 neque
716 1621 1007 1680 promiserim
1036 1637 1182 1680 neque
1211 1620 1488 1666 tradiderim·

109 1690 148 1733 si
177 1690 274 1747 quis
305 1695 453 1730 autem
483 1687 591 1731 dicit
622 1704 669 1732 se
695 1704 722 1732 a
755 1705 830 1733 me
859 1704 1071 1747 umquam
1092 1699 1169 1733 aut
1188 1689 1392 1733 didicisse
1416 1697 1491 1732 aut

111 1756 327 1815 privatim
359 1755 556 1808 audisse,
597 1756 715 1814 quod
749 1773 842 1801 non
875 1758 1011 1801 etiam
1045 1757 1183 1801 ceteri
1216 1772 1398 1808 omnes,
1435 1756 1490 1798 is,

113 1825 268 1869 scitote
284 1855 296 1876 ‚
323 1838 484 1866 verum
507 1839 600 1868 non
618 1824 739 1868 dicit.
781 1826 858 1868 sed
879 1840 1014 1883 quam
1033 1824 1214 1868 tandem
1234 1825 1292 1868 ob
1311 1839 1491 1868 causam

113 1890 320 1932 nonnulli
358 1890 434 1933 diu
456 1906 558 1953 cun}
581 1894 808 1952 voluptate
836 1908 1018 1937 mecum
1037 1894 1309 1936 versantur?
1335 1892 1492 1936 audis-

113 1959 191 2006 tis,
227 1955 545 2011 Atheniensem
587 1973 741 2003 veram
773 1961 844 2004 rei
869 1962 1093 2004 rationem
1124 1959 1254 2003 vobis
1283 1957 1492 2015 exposui,

115 2023 328 2067 oblectari
360 2037 435 2066 eos
469 2039 609 2081 quum
643 2027 824 2069 audiant
850 2027 1082 2084 explorari
1105 2025 1248 2082 quise
1268 2025 1491 2082 sapientes

115 2105 210 2133 esse
232 2098 418 2148 putent,
446 2099 496 2134 ut
517 2107 610 2134 non
632 2092 746 2144 sint3
776 2099 842 2134 est
862 2092 985 2135 enim
1002 2107 1074 2135 res
1097 2091 1216 2135 haud
1233 2091 1490 2135 iniucunda.

113 2157 228 2201 mihi
261 2165 412 2200 autem
440 2157 548 2211 hoc,
584 2158 697 2203 sicut
733 2174 815 2217 ego
834 2159 932 2211 aio,
975 2160 1250 2219 imperatum
1272 2168 1337 2204 est
1358 2175 1383 2203 a
1408 2159 1491 2202 deo

114 2234 165 2269 ut
194 2225 354 2268 faciam
384 2235 480 2269 tum
506 2241 590 2284 per
607 2226 819 2270 vaticinia
838 2236 936 2271 tum
954 2242 1039 2286 per
1062 2227 1236 2271 somnia
1256 2235 1353 2270 tum
1374 2242 1492 2285 quo-

116 2308 310 2351 cumque
340 2293 520 2337 demum
557 2294 689 2336 modo
721 2295 807 2337 alia
836 2311 932 2338 sors
964 2294 1114 2337 divina
1143 2294 1318 2338 homini
1337 2295 1490 2354 impe-

117 2375 220 2404 rare
250 2359 419 2418 aliquid
437 2359 550 2404 solet
570 2369 618 2404 ut
641 2369 750 2419 agat.
782 2361 916 2416 haec,
956 2360 1277 2414 Athenienses,
1318 2371 1363 2406 et
1385 2377 1492 2406 vera

119 2437 225 2471 sunt
264 2438 306 2472 et
337 2428 469 2472 facile
497 2439 684 2487 possunt
715 2431 935 2474 convinci.
975 2444 1081 2472 nam
1109 2429 1147 2472 si
1179 2445 1259 2487 ego
1285 2430 1490 2474 iuniores

117 2495 286 2552 partim
317 2510 561 2553 corrumpo
582 2496 749 2555 partim
769 2498 979 2556 corrupi,
1018 2512 1122 2540 sane
1146 2499 1380 2556 oportebat
1399 2514 1490 2548 eos,

119 2561 252 2617 siqui
276 2562 470 2604 seniores
492 2563 595 2607 facti
622 2573 870 2622 cognorunt
887 2565 993 2617 sibi,
1029 2579 1168 2621 quum
1192 2566 1490 2608 adolescentes

121 2637 278 2678 essent,
301 2629 348 2671 in
368 2629 514 2687 aliqua
533 2647 584 2673 re
606 2647 818 2690 umquam
839 2649 911 2676 me
931 2635 1046 2678 male
1059 2634 1347 2686 consuluisse,
1371 2648 1490 2676 nunc
