1716 2878
555 187 1013 244 ΕῐῙΤΗῩΡΗΒο.
1401 207 1460 246 63

96 299 304 371 advei‘safi
331 309 542 366 Melitam
572 316 831 373 dicendam',
863 318 918 362 ad
941 319 1032 362 hoc
1053 317 1210 379 ipsum
1229 326 1331 372 etim
1354 333 1468 381 pro-

94 393 277 445 vocare,
295 378 465 442 'dicenti
486 404 559 432 me
585 385 770 447 quidem·
782 388 874 431 iam
896 388 1051 447 priore
1071 397 1274 448 tempore
1293 391 1471 435 'divina-

93 459 196 504 r'u'm
218 456 375 502 rerum
397 458 627 502 scientiam
647 457 799 515 magni
823 455 994 508 fecisse,
1031 472 1151 499 nunc
1175 467 1313 512 vero,·
1330 473 1470 516 quum

93 529 178 572 iste
212 535 287 570 me
315 527 370 568 de
392 526 494 570 :diis'
521 535 691 581 {emere
715 524 941 581 loquendo
963 526 1263 583 novandoque
1285 541 1474 586 peccare

94 577 267 652 arguat,
290 578 564 652 sdiscipulum
586 594 678 637 iam
695 591 863 635 factum
883 607 977 635 esse
1001 602 1130 637 tuum
1142 610 1156 648 3
1185 594 1277 636 iam
1298 594 1335 637 si
1356 594 1475 637 fate-

92 663 156 706 r'is
170 695 184 714 ,
221 661 440 716 dixerim,
475 661 656 716 Melite,
677 659 1076 721 'Euthyphronem
1105 661 1354 720 sapientem
1382 675 1479 705 esse

93 731 255 774 talium
272 732 425 774 ferum
446 727 654 788 recteque
674 729 873 788 'sentire,'
905 744 979 772 me
1003 734 1178 787 quoque
1198 730 1356 782 crede,
1393 730 1479 771 ne-
1517 729 1526 733 Α

94 813 152 841 ve
182 812 257 840 me
277 808 478 853 accussa3
515 797 586 841 sin
610 797 786 851 minus,
828 797 1169 858 praeceptorem
1192 797 1322 858 prius
1345 811 1483 858 quam

95 870 172 909 me
202 865 251 908 in*
282 861 352 910 itis
376 870 517 916 voca,
560 866 678 924 quod
712 867 797 911 iste
824 868 1030 911 seniores
1067 868 1321 927 corrumpit
1331 900 1361 921 „
1391 885 1479 922 me,

95 933 309 990 inquam,
356 943 401 978 et
432 942 609 994 patrem
643 949 801 984 suum,
837 950 912 979 me
942 935 1125 993 quidem
1159 931 1387 987 docendo,
1420 939 1482 983 il·-

97 1000 196 1043 lum
218 1000 497 1058 obiurgando
517 1012 562 1045 et
580 999 856 1059 castigando:
887 1013 938 1045 ac
959 1003 996 1046 si
1015 1003 1131 1046 mihi
1153 1018 1248 1046 non
1260 1003 1482 1063 obsequa-

99 1076 197 1120 tur,
231 1083 379 1125 neque
407 1069 579 1112 actione
609 1069 815 1118 desistat,
854 1078 931 1113 aut
965 1086 1066 1114 meo
1094 1064 1192 1115 loco
1221 1082 1395 1116 accuset
1418 1083 1478 1127 te,

98 1135 150 1178 in
177 1133 344 1179 iudicio
373 1135 483 1179 haec
512 1136 611 1195 ipsa
628 1137 743 1183 mihi
762 1137 948 1183 dicenda
970 1147 1126 1194 erunt,
1163 1138 1220 1182 ad
1241 1154 1481 1198 quaecum

98 1204 417 1261 provocabam.

213 1304 307 1348 Ea.
351 1302 583 1355 Profect0‚
614 1305 818 1362 Socrate,
858 1309 895 1352 si
916 1324 990 1353 me
1005 1325 1214 1355 accusare
1235 1313 1482 1373 ausit‚·1je-

100 1372 300 1429 periam,
329 1381 381 1415 ut
402 1372 622 1423 arbitror,
655 1390 741 1430 qua
763 1385 893 1434 parte
909 1378 1111 1434 laboret3
1140 1380 1374 1440 multoque
1395 1397 1481 1430 no-

101 1439 166 1482 bis
182 1439 314 1498 prius
338 1439 392 1483 de
412 1439 510 1499 ipso
531 1449 685 1501 agetur
706 1443 756 1487 in
777 1444 945 1489 iudicio
966 1461 1099 1505 quam
1123 1448 1178 1491 de
1195 1463 1285 1492 me.

214 1541 288 1585 So.
339 1540 478 1599 Atqui
508 1558 589 1602 ego
604 1573 616 1593 ,
655 1544 814 1591 dilecte
845 1548 1032 1603 sodalis,
1078 1549 1189 1594 haec
1228 1542 1333 1609 quia
1373 1554 1483 1609 scio,

104 1607 348 1666 discipulus
378 1610 510 1668 cupio
543 1610 645 1656 fieri
671 1620 799 1667 tuus,
838 1625 888 1660 ut
922 1616 998 1674 qui
1028 1618 1275 1676 intelligam
1308 1628 1353 1664 et
1371 1623 1482 1666 alios

103 1676 343 1719 nonnullos
368 1684 412 1719 et
433 1677 552 1721 hunc
562 1681 776 1726 Melitum
796 1693 840 1728 te
859 1700 917 1727 ne
928 1686 1075 1728 videri
1088 1687 1265 1744 quidem
1279 1690 1484 1734 animad-

103 1752 304 1795 vertere,
334 1760 408 1788 me
432 1755 578 1791 autem
600 1757 692 1794 tam
711 1759 838 1795 acute
863 1761 906 1795 et
935 1753 1066 1798 facile
1098 1757 1397 1813 perspexisse,
1433 1767 1485 1802 ut

103 1810 345 1867 impietatis
382 1817 670 1861 accusaverit.
726 1835 845 1863 nunc
878 1820 1040 1878 igitur,
1080 1835 1165 1880 per
1192 1823 1372 1879 Iovem,
1412 1826 1484 1868 dic

104 1878 242 1930 mihi,
269 1882 387 1937 quod
409 1883 544 1926 modo
567 1885 816 1931 affirmabas
837 1889 970 1946 plane
989 1897 1033 1931 te
1054 1889 1191 1943 scire,
1227 1892 1335 1948 quid
1354 1893 1484 1950 pium

105 1954 367 1991 sanctumve
387 1964 480 1993 esse
500 1959 646 2008 putas,
671 1955 777 2011 quid
798 1956 1012 2014 impium,
1034 1964 1132 2000 tum
1153 1957 1208 1999 de
1231 1960 1363 2005 caede
1383 1968 1485 2004 tum

106 2014 205 2056 aliis
238 2015 293 2056 de
313 2016 480 2060 rebus?
518 2034 575 2060 an
606 2023 731 2065 omni
749 2024 798 2065 in
820 2025 994 2066 actione
1015 2024 1145 2080 pium
1166 2040 1259 2068 non
1279 2027 1400 2070 idem
1421 2037 1489 2072 est

105 2082 330 2140 uniusque
357 2083 507 2137 modi,
551 2094 683 2143 atque
712 2087 908 2145 impium
945 2105 1101 2133 rursus
1132 2093 1278 2138 omnis
1307 2094 1485 2152 pietatis

108 2152 409 2201 contrarium,
461 2153 529 2195 sui
552 2169 662 2196 vero
694 2154 836 2213 ipsius
864 2156 1034 2206 simile,
1073 2166 1116 2201 et
1148 2174 1293 2204 unam·
1315 2161 1488 2208 habens

106 2219 318 2276 speciem,
343 2228 559 2277 quatenus
582 2223 777 2280 impium
801 2232 879 2275 est,
907 2225 1121 2284 quicquid
1142 2228 1231 2271 erit
1250 2229 1483 2290 impium?

219 2320 310 2362 Ea.
346 2323 550 2366 Maxime
571 2339 705 2382 vero,
733 2322 929 2369 Socrate.

222 2422 293 2464 So.
323 2422 409 2466 Dic
426 2423 591 2481 igitur,
620 2424 728 2482 quid
748 2425 810 2469 ais
827 2425 957 2485 pium
979 2443 1095 2484 esse,
1123 2431 1231 2488 quid
1251 2431 1482 2489 impium?

222 2521 326 2564 Eza-
368 2523 482 2567 Dico
505 2541 633 2582 erg0,
667 2526 798 2583 pium
817 2543 924 2584 'esse
947 2531 1065 2586 quod
1087 2546 1168 2588 ego
1197 2547 1318 2575 nunc
1350 2534 1484 2588 facio,

114 2588 277 2630 iniuste
314 2589 575 2645 facientem,
629 2594 705 2650 qui
747 2597 818 2639 vel
866 2597 1047 2640 caedem
1090 2599 1161 2642 vel
1198 2602 1483 2658 sacrilegium

114 2657 187 2698 vel
217 2657 335 2700 aliud
363 2660 471 2717 quid
500 2660 761 2706 huiusmodi
789 2664 1088 2720 commiserit,
1124 2668 1174 2709 in
1200 2667 1271 2710 ius
1303 2684 1483 2724 vocare,
