1696 2898
578 136 837 206 Lien
871 165 986 206 Es,
1377 173 1472 223 47⁵

81 301 175 328 esse
208 283 527 348 negligendum
551 297 721 347 vosque
742 282 1037 347 adhortamur
1060 293 1112 328 ut
1130 298 1219 330 una
1243 285 1478 344 nobiscum

85 353 301 410 filiorum
317 350 516 402 habeatis
544 335 927 408 procurationem.
943 350 1083 392 unde
1114 366 1223 396 velo
1247 344 1378 396 nobis
1399 353 1482 398 hoc

83 420 250 464 visum
259 418 437 479 suerit,
473 432 501 458 o
521 417 653 473 Nicia
682 427 726 460 et
745 417 943 469 Laches,
986 426 1166 476 oportet
1202 426 1281 464 vos
1307 420 1480 475 audire,

84 485 258 534 etiamsi
290 483 516 548 aliquanto
550 484 609 529 sit
636 484 744 543 long
720 486 826 528 cius.
866 500 956 529 una
988 485 1198 528 videlicet
1223 504 1482 550 coenamus

81 569 163 615 ego
195 562 239 597 et
261 552 468 613 Melesias
497 551 600 604 hic,
646 561 691 598 et
716 553 954 601 nobiscum
987 553 1305 605 adolescentes.
1361 557 1482 613 quod

80 621 222 680 igitur
254 620 411 668 initio,
410 619 551 673 dixi,
591 619 735 666 libere
767 621 1002 680 vobiscum
1032 616 1284 687 loquuturi
1309 638 1483 667 sumus

80 697 287 734 nostrum
327 687 452 748 enim
489 695 680 746 uterque
714 688 770 732 de
794 698 941 753 patre
953 703 1037 752 suo
1070 682 1219 755 muita
1246 681 1482 765 praeclara.

82 770 229 816 opera
238 744 402 818 potest
407 755 648 803 iuvenibus
667 755 866 817 referre,
896 764 940 800 et
961 771 1091 815 quae
1087 739 1214 813 bello
1239 749 1482 825 ediderunt

82 832 128 879 et
153 838 286 884 quae
287 824 337 886 ιἰι
362 837 488 887 pace,
512 809 748 868 administi·
751 810 876 867 antes
897 832 990 867 tam
1012 824 1244 887 sociorum
1257 842 1328 887 res
1347 843 1483 886 quam

84 890 216 934 huius
249 878 468 940 civitatis·
475 935 477 940 ,
507 898 669 942 neuter
702 906 812 939 vero
844 907 918 953 res
954 907 980 934 a
1005 907 1052 935 se
1075 899 1222 951 gestas
1235 876 1384 950 liabet
1405 912 1485 938 re-

85 960 223 1005 felte.
249 958 412 1005 iccirco
432 958 572 1017 pudet
588 973 670 1003 nos
694 957 859 1013 horum
881 966 926 1001 et
947 967 1099 1019 patres
1123 968 1252 1013 nosti
1256 977 1304 1004 os
1331 977 1485 1011 accu-

86 1041 233 1074 samus
248 1058 261 1080 ,
288 1025 430 1088 quod
435 1041 517 1069 nos
536 1025 719 1083 quidem
742 1027 934 1075 siverint
958 1023 1174 1085 segnitiae
1194 1043 1289 1094 nos
1282 1016 1481 1093 dedere,

87 1109 228 1151 quum
258 1093 398 1151 adulti
430 1109 652 1147 33331ιιιιε,
703 1103 957 1139 ceterorum
993 1109 1103 1138 vero
1138 1110 1214 1138 res
1237 1100 1485 1154 gesseiint3

86 1170 218 1219 atque
241 1160 313 1204 his
332 1161 576 1207 iuvenibus
598 1161 739 1206 haec‘
725 1178 824 1223 lpsa
851 1148 1151 1216 ostendimus,
1174 1162 1406 1227 dicentes,
1445 1166 1486 1226 si

87 1244 135 1272 se
170 1228 260 1288 ipsi
280 1229 565 1305 neglexerint
587 1245 669 1275 nec
689 1230 821 1272 nobis
839 1230 1071 1285 obediant,
1111 1229 1376 1306 ignobiles
1361 1247 1487 1291 ipsos

86 1297 263 1347 futuros
285 1311 404 1347 esse,
433 1297 503 1340 sin
512 1305 674 1343 autem
695 1295 780 1354 sibi
795 1289 1176 1361 prospexerint,
1185 1292 1260 1342 foi
1262 1294 1376 1359 sitan
1399 1314 1488 1341 no-

87 1363 288 1408 minibus
333 1361 498 1421 dignos
518 1378 613 1407 esse
642 1372 855 1420 evasuros
882 1379 998 1422 quae
1028 1351 1304 1412 invenerint.
1351 1374 1487 1426 atque

89 1432 140 1476 hi
170 1447 218 1476 33
258 1430 412 1486 dicunt
440 1431 828 1499 obtemperaturos
858 1447 979 1487 esse,
1021 1448 1122 1494 nos
1127 1428 1244 1493 velo
1266 1434 1352 1478 hoc
1375 1451 1488 1480 con-

94 1487 417 1554 siderzstbimus,¹
457 1498 566 1558 quid
593 1497 643 1541 hi
671 1491 974 1563 percipientes
997 1509 1044 1558 et
1061 1510 1325 1548 exercentes
1348 1519 1486 1562 quam

91 1566 269 1627 optimi
294 1566 502 1627 existant.
555 1566 887 1610 commendavit
907 1574 1065 1614 autem
1097 1568 1320 1636 quispiam
1352 1571 1487 1614 nobis

93 1635 210 1678 hanc
231 1647 410 1692 quoque
433 1622 717 1690 disciplinam
732 1664 747 1682 ,
771 1631 1018 1690 pulchrum
1038 1648 1132 1676 esse
1157 1630 1314 1679 dicens
1325 1636 1487 1701 'iuveni

93 1711 237 1747 artem
262 1699 403 1744 armis
421 1697 622 1744 certandi
647 1698 891 1758 addiscere,
916 1709 962 1758 et
981 1702 1183 1747 laudavit
1199 1701 1334 1755 illum
1349 1720 1486 1763 quem

93 1783 217 1813 nunc
239 1756 467 1843 spectastis
490 1781 584 1809 sese
597 1773 931 1822 ostentantem3
969 1750 1130 1813 deinde
1150 1781 1354 1838 spectale
1377 1789 1486 1816 eum

95 1852 180 1881 1103
205 1835 355 1882 iussit·
389 1827 645 1886 faciendum
674 1833 815 1893 igitur
841 1835 1104 1896 putavimus
1126 1845 1239 1903 utet
1260 1839 1349 1900 ipsi
1375 1856 1487 1900 per-

95 1917 305 1961 geremus
324 1901 381 1946 ad
402 1901 554 1946 virum
579 1900 869 1962 spectandum
890 1911 933 1947 et
953 1919 1034 1948 vos
1069 1899 1400 1952 assumeremus
1422 1909 1488 1951 si·-

97 1972 196 2015 mul
226 1969 514 2029 spectationis
541 1978 791 2024 consortes,
837 1969 974 2016 simul
1023 1973 1303 2018 consiliarios
1335 1984 1379 2021 et
1410 1992 1486 2018 so-

101 2038 220 2089 cios,
262 2036 302 2089 si
329 2036 527 2091 velletis,
561 2037 1140 2100 filiorumprocurationis.>
1174 2032 1286 2087 haec
1305 2053 1410 2086 sunt
1430 2044 1486 2086 de

92 2105 261 2164 >quibus
290 2104 517 2150 voluimus
550 2106 782 2150 vobiscum
810 2108 1129 2166 comunicare.'
1153 2108 1246 2154 iam
1279 2111 1484 2155 vestrum

102 2180 170 2227 est
199 2171 440 2216 consilium
473 2173 580 2216 dare
610 2182 654 2218 et
677 2174 748 2236 de
771 2174 855 2221 hac
880 2184 998 2231 arte,
1045 2186 1201 2221 utrum
1221 2177 1486 2224 addiscenda

103 2241 161 2284 sit
179 2255 352 2300 necne,
388 2249 432 2286 et
451 2240 509 2285 de
530 2232 712 2290 ceteris,
749 2242 787 2287 si
811 2258 946 2301 quam
968 2245 1142 2291 habetis
1166 2246 1484 2307 commendare

104 2313 249 2352 altem
281 2307 439 2352 iuveni
477 2308 577 2351 viro
611 2309 685 2353 vel
702 2310 930 2367 studium,
960 2321 1004 2359 et
1025 2313 1080 2357 de
1109 2304 1317 2359 societate
1337 2313 1486 2359 dicere

106 2373 215 2433 quid
243 2375 337 2425 aitis
367 2373 542 2440 facturi.

219 2507 301 2552 Ni.
356 2510 603 2568 Equidem,
649 2493 914 2591 Lysimache
957 2526 1001 2562 et
1029 2518 1181 2572 Nicia,
1214 2515 1358 2563 laudo
1400 2535 1484 2562 ve·-

110 2583 254 2619 strum
278 2577 515 2622 consilium
529 2595 689 2636 meque
698 2597 869 2628 socium
884 2585 987 2630 volo
1005 2587 1260 2648 adiungere,
1290 2586 1484 2631 δι”ῑιίῑιοι

109 2658 219 2686 vero
243 2644 374 2689 etiam
399 2645 635 2692 Lachetem
663 2648 850 2696 huncce.
