1734 2872
418 132 794 186 *APOLocm
837 134 1187 179 soanms.
1403 142 1494 180 125

138 259 532 312 asinoru‘mmnlos
547 291 559 314 ‚
589 260 732 317 equos
743 259 897 301 autem
914 263 958 300 et
980 254 1123 299 asinos
1140 250 1433 301 non·c1·edat.·
1459 264 1504 299 at

137 335 235 380 fieri
267 327 360 376 „011
376 337 522 388 potest
535 360 547 381 ,
582 326 763 379 Melite,
798 323 907 381 quin
940 330 990 364 tu
1007 336 1091 365 nos
1111 318 1506 370 tentaturuslitem

135 404 248 446 hanc
273 396 495 447 moveris,
532 402 609 438 aut
636 392 755 451 quod
786 394 877 434 non
906 389 1094 432 haberes
1114 387 1303 448 in'quod
1323 390 1509 435 'meve--

138 482 259 512 cares
289 479 446 509 *erum
465 463 665 523 crijmen3
701 468 751 503 ut
769 466 919 502 autem
939 456 1148 513 cuiquam
1174 467 1225 501 tu
1242 458 1509 517 persuadeas

135 535 395 585 hominum,
433 530 510 589 qui
542 530 616 573 vel
642 528 874 587 paululum
899 525 1058 568 habeat
1086 526 1510 584 meatim-eiusdem

137 618 230 646 esse
259 601 349 645 viri
379 597 614 643 daemonia
640 611 690 640 ac
723 595 878 639 divina
904 606 1108 643 sumere,
1152 607 1399 652 rursusque
1425 611 1510 639 nec

118 671 378 713 daemonas
403 681 487 710 nec
516 665 621 707 deos
649 679 796 722 neque
823 662 984 706 heroas
1009 675 1103 704 esse
1122 668 1305 721 putare,
1334 663 1381 705 id
1399 679 1513 708 vero

136 737 240 780 fieri
262 735 387 779 nullo
410 734 546 778 modo
565 741 725 790 potest.

249 804 454 856 Ananim,
494 800 812 853 Athenienses,
848 812 923 842 me
955 799 1086 858 culpa
1115 813 1309 843 vacuum
1342 814 1442 842 esse
1455 816 1516 845 ex

139 874 238 930 ipsa
256 872 402 915 Meliti
430 868 732 922 accusatione,
768 883 862 911 non
885 869 1069 926 longam
1094 883 1280 926 poscere
1306 868 1420 911 mihi
1444 869 1516 911 vi-

141 940 273 983 detur
303 939 635 991 defensionem,
670 935 747 986 sed
774 936 849 978 vel
876 935 987 978 haec
1008 935 1259 990 sufficiant3*
1292 935 1410 993 quod
1433 952 1518 979 au·-

141 1014 235 1048 tem
260 1021 397 1063 supra
427 1006 628 1048 dicebam
653 1018 869 1060 magnum
899 1011 942 1046 et
974 1003 1221 1046 multorum
1256 1003 1412 1046 odium
1445 1020 1520 1047 me

144 1072 412 1129 suscepisse,
449 1072 492 1114 id
510 1103 523 1125 ,
555 1072 733 1122 scitote,
764 1085 924 1113 verum
953 1080 1031 1114 est.
1064 1079 1196 1127 atque
1212 1069 1299 1113 hoc
1317 1078 1384 1113 est
1402 1072 1523 1128 quod

145 1139 307 1182 efficiet
329 1147 379 1182 ut
395 1154 526 1182 causa
547 1139 703 1181 cadam
717 1169 730 1190 ,
765 1138 802 1180 si
825 1137 933 1194 quid
950 1136 1037 1179 hoc
1060 1136 1361 1190 efficiet,·non
1381 1139 1522 1182 Meli-

145 1214 214 1249 tus
234 1206 595 1263 nequeAnytus,
615 1204 691 1247 sed
711 1205 833 1261 vulgi
856 1204 1112 1248 criminatio
1131 1213 1175 1248 et
1189 1204 1382 1258 invidia3
1410 1221 1523 1263 quae

147 1273 330 1330 quidem
355 1274 519 1315 multos
552 1271 686 1314 etiam
721 1271 831 1316 alios
865 1286 1026 1327 eosque
1053 1272 1194 1314 bonos
1221 1271 1346 1315 viros
1366 1273 1524 1330 perdi-

147 1339 323 1392 derunt,
351 1347 483 1396 atque
503 1339 553 1382 in
573 1346 820 1397 posterum,
846 1337 998 1392 credo,
1023 1338 1240 1397 perdent3
1269 1339 1390 1384 haud
1402 1341 1524 1387 enim

108 1407 111 1408 ⁷
148 1407 400 1452 timendum
423 1413 490 1448 est
507 1422 566 1449 ne
586 1406 636 1449 in
653 1420 728 1449 me
745 1406 963 1450 desinant.

259 1476 356 1520 Iam
389 1475 507 1519 dicat
529 1474 719 1518 forsitan
741 1474 924 1532 aliquis:
982 1473 1050 1519 lta
1067 1482 1112 1518 te
1130 1490 1224 1518 non
1241 1476 1405 1535 pudet,
1444 1478 1529 1522 So-

151 1550 285 1594 crate,
314 1558 368 1585 eo
400 1558 532 1586 usum
561 1556 656 1585 esse
682 1542 802 1586 vitae
828 1542 1032 1586 instituto
1049 1544 1173 1586 unde
1193 1545 1274 1588 tibi
1295 1561 1418 1589 nunc
1434 1547 1527 1590 im-

151 1610 343 1669 pendeat
361 1610 615 1668 periculum
634 1610 825 1654 mortis?
843 1610 981 1653 -Huic
999 1625 1082 1668 ego
1102 1611 1342 1656 iustissime
1366 1614 1430 1657 ita
1450 1627 1529 1657 re—

137 1679 402 1738 ‚spondebm
441 1679 570 1723 Haud
588 1686 710 1722 recte
732 1677 865 1731 dicis,
903 1678 969 1722 mi
988 1678 1125 1721 homo
1135 1713 1151 1732 ,
1190 1681 1234 1723 si*
1250 1681 1434 1724 vivendi
1455 1691 1533 1725 aut

153 1746 380 1789 moriendi
397 1747 649 1803 periculum
673 1754 804 1805 putas
824 1746 1126 1804 reputandum
1150 1763 1244 1791 esse
1263 1748 1318 1790 ab
1341 1764 1421 1802 eo,
1449 1766 1533 1792 cu-

154 1815 225 1857 ius
249 1814 323 1857 vel
352 1814 588 1857 mediocris
621 1814 679 1857 sit
707 1813 874 1867 virtus,
911 1822 955 1857 et
974 1830 1066 1857 non
1089 1831 1231 1859 unum
1249 1818 1397 1874 potius
1416 1818 1533 1861 illud

157 1881 469 1938 spectandum,
503 1883 540 1925 si
560 1882 668 1939 quid
694 1890 818 1939 agat,
849 1890 1003 1925 utrum
1024 1883 1141 1930 iuste
1158 1899 1217 1926 an
1235 1885 1402 1928 iniuste
1420 1894 1536 1944 agat,

157 1948 355 2006 bonique
385 1964 442 1992 an
459 1949 571 1993 mali
586 1950 676 1992 viri
693 1949 907 2007 fungatur
925 1949 1081 1994 officio.
1123 1967 1229 1995 nam
1247 1953 1332 1996 ista
1350 1954 1535 2010 quidem

160 2023 238 2057 tua
266 2015 437 2057 ratione
468 2015 755 2073 vituperandi
787 2024 932 2058 essent
951 2016 1110 2060 heroes
1134 2019 1214 2062 illiv
1231 2028 1458 2076 quotquot·
1481 2019 1536 2062 ad

165 2082 353 2126 Troiam
385 2083 711 2134 occubuerunt,
749 2090 849 2124 tum
880 2083 1017 2124 ceteri
1041 2093 1136 2126 tum
1157 2085 1362 2127 Thetidis
1388 2085 1534 2129 filius:

163 2150 242 2206 qui
261 2150 370 2193 adeo
389 2150 640 2207 periculum
660 2148 929 2204 contempsit
959 2163 1068 2205 prae
1089 2149 1316 2195 subeunda
1338 2154 1537 2211 turpitu-

164 2217 292 2270 dine,
328 2225 401 2270 ut,
436 2226 672 2275 postquam
694 2215 734 2257 ei
758 2215 961 2257 occidere
982 2217 1180 2274 cupienti
1202 2219 1440 2264 Hectorem
1466 2222 1539 2264 di·-

167 2285 305 2328 xisset
338 2294 505 2337 mater,
545 2299 656 2341 quae
677 2282 857 2340 quidem
878 2293 973 2326 erat
998 2283 1102 2336 dea,
1131 2286 1193 2328 sic
1210 2286 1332 2338 fere,
1366 2298 1415 2331 ut
1435 2285 1538 2347 opi:-

166 2367 276 2395 nor:
327 2351 439 2405 Fili,
487 2352 525 2394 si
555 2350 751 2394 Patrocli
785 2351 914 2393 amici
952 2353 1131 2396 caedem
1161 2354 1376 2398 ulciscere
1405 2365 1537 2413 atque

165 2420 408 2463 Hectorem
445 2419 710 2471 interficies,
740 2421 855 2478 ‚ipse
889 2420 1106 2464 moriere:
1174 2422 1354 2470 Illico-
1386 2427 1539 2467 enim

167 2487 298 2540 iam,
351 2487 521 2544 inquit,
576 2495 710 2544 post
754 2487 1007 2531 Hectora
1054 2503 1167 2532 nex
1214 2485 1325 2534 tibi
1376 2501 1535 2535 certa

171 2569 196 2595 e
211 2563 283 2607 εἰς
330 2554 407 2597 ille
432 2569 541 2598 vero
573 2553 643 2596 his
672 2553 831 2597 auditis
854 2565 1044 2600 mortem
1065 2570 1114 2598 ac
1131 2557 1385 2614 periculum
1407 2559 1537 2617 parvi

170 2622 393 2679 pendens,
430 2624 659 2677 multoque
689 2622 827 2679 magis
858 2631 1062 2680 metuens
1092 2625 1247 2667 vivere
1279 2625 1466 2681 ignavus
1496 2635 1537 2668 et
