1734 2872
625 197 945 239 cairo
1143 253 1153 258 ὁ
1378 204 1466 242 185

111 325 284 397 quoque
301 327 382 359 nos
401 317 520 374 leges
542 322 584 358 et
606 288 811 378 patriam
822 326 908 373 pro
929 300 1476 392 viribusmteri‘meresta-

110 396 230 436 tuas,
248 392 395 441 teque
414 384 541 426 dicas
562 382 649 425 hoe
670 375 906 424 facientem
924 381 1040 429 iusta
1059 374 1239 438 facere,
1268 391 1314 458 tu
1326 382 1454 450 qui..
1428 400 1479 454 ιιι

110 469 188 496 ver
191 467 240 494 ·1e
259 452 435 495 virtutis
456 451 648 494 studium
667 446 925 492 incumbis?
964 464 1020 491 an
1030 445 1161 495 ‘adeo
1169 440 1362 516 sapieiis
1366 466 1411 493 es
1430 458 1481 492 ut

109 528 155 563 te
194 520 327 561 lateat
364 522 407 562 et
427 517 579 562 matie
610 527 652 562 et
667 523 806 577 '‘patie
837 525 880 560 et
908 515 1092 583 reliquis
1120 517 1483 582 pionemtonbus

114 586 318 629 omnibus
337 595 438 644 pati
442 602 528 629 iam
552 585 925 629 venerabiliorem
946 592 989 628 e't
1007 579 1234 652 antiquioi
1237 591 1310 630 e'm
1329 593 1371 628 et
1381 600 1487 628 san-

115 654 301 696 crimem
323 662 365 697 et
385 654 553 696 maiore
571 654 620 696 in
628 653 893 712 dignatione
913 668 1006 694 esse
1026 659 1124 719 tum
1139 653 1255 711 apud
1272 641 1377 695 deos
1389 659 1485 696 tum

116 720 236 777 apud
252 720 453 765 homines
477 723 553 779 qui
573 721 746 778 aliquid
761 720 948 778 sapiant,
977 729 1021 763 et
1044 720 1214 790 patriae
1236 720 1487 762 habendam

119 803 229 830 esse·
242 789 551 832 reverentiam
589 789 871 845 offensaequ'e
911 784 1051 845 niagis
1074 779 1411 846 Obsequendum
1445 797 1488 831 et

117 856 390 912 palpandum
412 871 544 914 quam
562 856 753 914 parenti,
780 864 911 913 atque
933 863 1009 898 aut
1031 856 1201 922 docere.
1210 864 1255 899 te
1276 864 1488 916 op01te1e

116 930 194 964 aut
222 922 371 965 facere
402 924 610 981 quicquid
649 930 701 966 ea
730 922 1125 1001 praescripserit,
1136 939 1185 966 ac
1198 917 1250 965 si
1272 918 1379 981 quid
1398 924 1493 999 pati

123 997 167 1031 te
186 989 384 1041 iusserit,
415 990 564 1047 quiete
586 990 681 1047 pati
697 1019 707 1038 ‚
738 989 832 1031 sive
850 1005 931 1031 vel
933 989 1039 1031 bera
1057 990 1124 1032 siv
1127 1000 1151 1030 ‘e
1171 986 1376 1043 vi'n'cula,
1402 987 1497 1033 sive

125 1055 174 1096 iu
202 1056 367 1099 bellum
397 1056 596 1108 miserit,
634 1064 685 1099 ut
713 1056 973 1099 vulneribus
999 1054 1193 1099 mortive
1221 1052 1499 1108 succumbas,

125 1123 212 1166 hcc
235 1125 432 1180 exsequi,
473 1133 609 1182 atque
624 1124 685 1167 ita
706 1132 879 1167 rectum
897 1139 1005 1175 esse,
1032 1137 1178 1182 neque
1190 1122 1502 1173 declinandum

127 1205 273 1246 neque
291 1191 589 1234 recedendum
610 1207 693 1234 nec
715 1193 921 1234 ordinem
942 1185 1235 1243 deserendum
1246 1193 1264 1243 ',·
1293 1192 1370 1235 sed
1395 1193 1503 1235 etin

129 1257 243 1299 bello
260 1267 303 1301 et
320 1258 368 1300 in
391 1258 555 1301 iudicio
578 1260 874 1316 omnibusque
891 1259 1003 1302 locis
1031 1258 1419 1316 faciendumquod
1433 1260 1501 1302 ci-

128 1323 242 1366 vitas
273 1326 611 1383 praescripserit
640 1334 683 1369 et
718 1325 888 1383 patria3
935 1331 1013 1366 aut
1043 1325 1312 1382 plmre'eam·
1343 1327 1506 1369 doecre

132 1393 355 1448 quomodo
373 1393 540 1436 iustum
564 1398 723 1438 natura
741 1408 836 1436 sese
853 1392 1036 1445 habeat,
1071 1391 1171 1434 vim
1185 1392 1335 1453 autem
1360 1410 1507 1451 neque

131 1461 265 1503 matri
277 1475 421 1518 neque
432 1461 567 1518 patri,
591 1461 824 1518 multoque
846 1460 980 1517 etiam
1001 1451 1332 1518 minuspatr'iae
1345 1461 1509 1504 afferre

135 1531 376 1585 oportere?
433 1528 558 1588 Quid
589 1529 643 1570 ad
671 1528 782 1572 haec
810 1542 1111 1587 reponemus,
1151 1528 1312 1572 Crito?
1339 1544 1507 1573 verane

138 1595 286 1639 dicere
309 1597 429 1654 leges
444 1628 456 1647 ‚
487 1611 544 1638 an
564 1597 721 1638 secus?

253 1663 326 1708 Cr.
382 1664 506 1709 Vera
524 1663 733 1708 arbitror.

250 1732 323 1775 So.
381 1731 626 1774 Considera
647 1746 779 1788 ergo,
808 1730 990 1774 Socrate
1004 1765 1018 1783 ‚
1063 1731 1211 1775 dicent
1230 1731 1420 1775 fortasse
1440 1732 1513 1774 le-

141 1813 238 1855 ges,
266 1814 324 1841 an
342 1814 505 1842 verum
522 1799 580 1842 sit
597 1800 717 1855 quod
741 1798 954 1851 dicimus,
992 1799 1155 1842 iniuste
1174 1806 1218 1843 te
1235 1799 1286 1843 ir'i
1313 1815 1394 1842 nos
1414 1815 1516 1842 mo-

140 1865 218 1907 liri
252 1867 367 1921 quod
401 1881 520 1908 nunc
548 1865 738 1909 moliris.
774 1881 858 1907 nos
890 1867 1036 1919 enim,
1064 1869 1155 1923 qui
1186 1876 1231 1910 te
1262 1867 1514 1924 genuimus,

146 1932 430 1975 educavimus
445 1964 457 1985 ‚
497 1927 796 1985 instituimus,
830 1942 962 1989 teque
990 1942 1034 1976 et
1054 1935 1254 1989 reliquos
1278 1934 1350 1975 civ
1354 1949 1398 1974 es
1417 1948 1519 1975 om-

146 2014 225 2040 nes
245 1998 449 2041 omnibus
468 2000 625 2055 quibus
641 2007 900 2059 poteramus
916 2000 1067 2042 boms
1055 2009 1401 2056 impertivimus,
1424 1999 1522 2041 edi-

148 2066 290 2108 cimus
318 2074 466 2109 tamen
498 2079 551 2106 eo
583 2065 698 2119 quod
727 2073 991 2121 potestatem
1034 2065 1149 2107 hanc
1191 2065 1381 2108 fecimus
1423 2068 1521 2110 cui-

147 2133 216 2175 vis
238 2131 610 2181 Atheniensium,
649 2131 686 2173 si
707 2131 803 2182 cui,
850 2131 932 2187 qnj
957 2132 1263 2189 exploraverit
1289 2127 1523 2191 cognorit--⁴

150 2215 236 2258 que
258 2199 447 2241 civitatis
468 2206 633 2241 statum
655 2212 828 2254 nosque
852 2199 996 2254 leges,
1031 2198 1183 2242 miuus
1207 2199 1526 2257 placuerimus,

153 2268 193 2310 ei
222 2267 359 2310 licere
378 2266 571 2309 collectis
594 2266 725 2308 rebus
745 2265 833 2308 suis
852 2266 977 2308 abire
1014 2281 1296 2323 quocumque
1318 2268 1524 2311 voluerit.

151 2350 298 2392 neque
329 2335 421 2376 ulla
457 2348 516 2375 ex
547 2333 672 2375 nobis
691 2332 862 2390 legibus
883 2333 1074 2390 impedit
1092 2341 1167 2376 aut
1184 2342 1326 2385 vetat,
1356 2335 1406 2378 ἐἰ
1429 2335 1525 2392 quis

155 2409 376 2455 vestrum,
404 2401 478 2442 cui
497 2400 652 2443 civitas
671 2413 838 2457 nosque
855 2400 1168 2458 displiceamus
1181 2433 1197 2452 ,
1237 2401 1285 2443 in
1307 2402 1527 2445 coloniam

157 2468 268 2509 velit
289 2476 364 2510 aut
384 2468 574 2510 alienam
597 2467 756 2510 urbem
776 2468 985 2524 migrare,
1012 2482 1099 2523 quo
1117 2468 1266 2510 minus
1285 2469 1525 2525 migretil-

159 2536 231 2578 luc
252 2550 531 2591 quocumque
552 2535 685 2584 velit,
716 2535 897 2577 servatis
919 2534 1052 2576 rebus
1072 2535 1175 2576 suis.
1221 2536 1419 2592 quisquis
1443 2551 1526 2578 au-

160 2611 252 2644 tem
285 2609 479 2644 vestrum
512 2601 799 2653 remanserit,
836 2601 991 2646 videns
1021 2603 1246 2657 quomodo
1265 2619 1344 2645 nos
1365 2603 1530 2647 indic-Ia

163 2683 450 2712 exerceamus
473 2676 516 2711 et
534 2669 749 2725 reliquam
767 2675 938 2726 partem
952 2668 1140 2711 civitatis
1150 2670 1528 2719 administremus,
