1702 2918
645 150 1009 203 ermoms
1439 157 1503 197 '41

137 273 487 326 existimandum
513 277 582 326 est
605 284 755 329 neque
779 270 1049 329 imprudens
1076 285 1289 331 umquam
1311 286 1407 318 esse
1437 272 1513 315 di„-

135 344 294 397 vinum
323 357 471 400 neque
497 341 744 384 humanam
767 345 988 393 'naturam
1022 339 1263 396 ignorare,
1297 340 1375 391 sed
1398 339 1516 383 scire

135 426 182 455 se
210 411 398 454 docente
431 423 531 452 eam
558 406 733 463 assequi
755 413 800 448 et
820 405 993 449 discere
1017 421 1128 464 quae
1145 405 1537 469 &adtumni-‚hoc¹

135 478 287 537 ipsum
319 485 468 529 autem
495 492 543 519 se
572 492 655 518 nos
673 475 833 518 docere
856 489 1028 532 nosque
1048 473 1220 519 discere
1229 468 1518 531 {numerum

133 545 495 603 numerandique
519 547 686 593 artem,
715 542 803 585 hoc
825 541 1038 586 videlicet
1058 542 1165 585 deus
1186 544 1418 605 cognitum
1434 545 1518 588 ha·-

133 615 233 668 bet,
271 613 476 657 omnium
509 613 631 656 enim
664 608 1104 669 imprudentissimus
1138 620 1251 660 esset
1279 612 1366 655 hoc
1383 613 1542 671 igno-f

135 697 267 738 rans3
303 680 426 739 quod
464 682 586 725 enim
613 677 850 738 proverbii
882 677 983 723 Ioco
1002 677 1091 720 dici
1111 678 1247 732 solet,
1285 695 1450 726 revera
1469 695 1519 724 se

135 748 234 807 ipse
262 749 517 813 ignoraret,
554 748 592 791 si
615 754 896 791 succenseret
915 745 958 789 ei
976 745 1052 802 qui
1076 745 1247 790 discere
1269 756 1443 806 posset,
1474 757 1521 793 et

135 832 231 860 non
261 817 476 875 gauderet
493 817 590 860 sine
607 815 782 859 invidia
800 830 907 859 cum
926 829 980 856 eo
1003 814 1082 871 qui
1102 830 1188 873 per
1206 814 1341 860 deum
1374 816 1522 861 bonus

139 885 362 929 evaderet.
403 884 602 930 multum
629 898 741 927 vero
772 893 818 927 et
837 891 959 926 recte
978 881 1190 938 dicuntur
1208 875 1308 937 tum
1323 915 1337 939 ,
1377 900 1522 942 quum

138 952 343 996 homines
372 953 546 1012 primas
580 951 635 993 de
662 951 746 994 diis
777 951 982 994 notiones
1004 949 1252 1008 cepissent,
1294 955 1520 1009 quomodo

140 1020 229 1063 orti
258 1027 429 1072 essent,
470 1021 621 1076 quales
652 1026 799 1070 essent
825 1027 868 1061 et
900 1018 1063 1075 quibus
1081 1018 1396 1064 in‘actionibus
1418 1037 1525 1064 ver-

141 1096 372 1140 sarentur,
421 1087 532 1129 haec
573 1101 722 1142 neque
753 1086 981 1144 sapienter
1001 1098 1156 1143 *neque
1191 1086 1335 1134 amice
1363 1089 1537 1133 tradita‘

142 1170 249 1209 esse,
282 1156 453 1213 quippe
474 1154 551 1210 qui
575 1153 680 1195 deos
704 1168 762 1202 ne
780 1170 867 1213 pro
889 1153 1094 1205 secundis
1115 1152 1300 1210 quidem
1318 1157 1525 1200 numini-

142 1223 223 1266 bus
252 1222 516 1272 habuerint,
556 1235 697 1276 quum
730 1220 1042 1278 antiquissima
1064 1220 1323 1269 dicerentur
1343 1223 1461 1280 ignis
1481 1234 1526 1269 et

142 1307 256 1348 aqua
284 1301 329 1336 et
355 1291 532 1347 reliqua
557 1303 775 1347 corpora,
812 1289 1043 1346 posterior
1062 1297 1213 1334 autem
1233 1289 1526 1336 admirandus

97 1365 106 1371 '
142 1360 317 1402 animus
329 1375 343 1413 3
396 1366 441 1402 et
478 1357 623 1411 motio
654 1357 956 1415 praestantior
982 1357 1215 1414 magisque
1246 1356 1528 1406 honorabilis

144 1428 327 1489 corpori
354 1426 658 1478 tribueretur3
693 1423 782 1467 hoc
808 1425 932 1467 enim
952 1425 1100 1467 calore
1121 1433 1164 1469 et
1183 1424 1354 1490 frigore
1378 1431 1529 1474 omni-

115 1498 314 1553 *busque
356 1495 554 1538 eiusdem
586 1492 765 1551 generis
793 1508 840 1535 se
872 1492 1023 1550 ipsum
1049 1493 1294 1551 putabatur
1323 1505 1545 1554 movere,'

143 1581 237 1608 non
256 1563 431 1607 animus
451 1578 617 1621 corpus
640 1570 685 1604 et
703 1568 844 1603 semet
866 1560 1032 1618 ipsum.
1073 1577 1196 1606 nunc
1219 1571 1369 1607 autem
1389 1581 1531 1623 quum

143 1634 342 1676 animum
365 1632 586 1683 dicamus,
616 1628 791 1687 quando
808 1628 858 1670 in
878 1644 1068 1687 corpore
1087 1629 1217 1682 insit,
1247 1646 1341 1675 non
1358 1635 1531 1682 mirum

145 1716 239 1742 esse
259 1715 445 1744 movere
466 1706 511 1741 et
534 1697 830 1741 circumferre
850 1703 943 1741 tam
971 1713 1134 1756 corpus
1157 1713 1290 1756 quam
1301 1704 1533 1763 semetip-

145 1784 245 1811 sum
258 1770 283 1819 ,'
303 1767 444 1812 ‚nullo
464 1766 601 1809 modo
622 1765 827 1808 dubitare
845 1780 1083 1823 possumus
1107 1767 1218 1824 quin
1238 1770 1418 1828 pondus
1438 1774 1532 1816 cir-

148 1835 374 1878 cumferre
395 1841 541 1892 queat.
570 1833 781 1890 quocirca
806 1833 940 1877 etiam
966 1850 1088 1877 nunc
1110 1850 1253 1892 quum
1273 1853 1535 1887 censeamus

148 1904 349 1946 animum
379 1918 474 1945 esse
502 1917 679 1944 causam
714 1901 919 1944 omnium
945 1918 1127 1956 rerum,
1161 1895 1329 1960 et'boni
1351 1908 1534 1965 quidem

149 1971 365 2027 cuiusque
386 1970 506 2027 quod
527 1970 614 2013 tale
636 1970 707 2024 sit,
733 1971 934 2027 itemque
955 1972 1088 2028 pravi
1110 1973 1229 2029 quod
1246 1989 1443 2031 pravum
1463 1977 1536 2031 sit,

148 2037 269 2080 haud
290 2035 550 2080 mirandum
569 2039 786 2094 cuiusque
808 2054 966 2080 cursus
987 2046 1030 2081 et
1049 2048 1198 2082 motus
1218 2041 1420 2085 animum
1443 2059 1538 2091 esse

151 2119 330 2147 causam
341 2136 355 2155 ,
390 2114 434 2148 et
463 2119 643 2146 cursum
676 2103 860 2160 quidem
881 2113 1145 2162 motumque
1168 2106 1223 2148 ad
1246 2107 1417 2152 bonum
1437 2118 1540 2155 ten-

150 2174 332 2216 dentem
346 2172 507 2230 optimi
523 2187 616 2213 esse
626 2171 780 2225 animi,
804 2171 1148 2216 adcontrarium
1158 2189 1267 2218 vero
1279 2178 1539 2228 tendentem

150 2240 656 2298 contrarii‚1superasse
688 2248 840 2283 autem
872 2248 916 2282 et
944 2240 1158 2297 superare
1181 2242 1302 2286 bona
1322 2257 1537 2304 oportere

152 2323 205 2350 ea
226 2323 341 2365 quae
364 2323 456 2350 non
476 2307 566 2350 sint
583 2307 716 2350 bona.
755 2307 866 2353 haec
884 2308 1013 2350 nobis
1033 2307 1149 2352 dicta
1171 2320 1276 2357 sunt
1296 2316 1446 2358 onmia
1465 2334 1540 2360 se-

156 2376 354 2421 eundum
381 2375 599 2419 iustitiam
631 2375 948 2434 improborum
967 2376 1191 2420 ultricem.
1227 2378 1320 2423 iam
1339 2384 1460 2440 quod
1483 2386 1540 2429 ad

151 2442 238 2484 hoc
282 2442 401 2499 quod
442 2443 780 2502 exploravimus
809 2445 990 2494 attinet,
1042 2461 1134 2488 non
1164 2455 1310 2504 potest
1341 2451 1541 2496 dubitari

155 2510 265 2570 quin
294 2509 435 2553 bonus
470 2526 495 2552 a
527 2511 658 2553 nobis
686 2511 917 2555 habendus
947 2513 1005 2556 sit
1032 2515 1235 2571 sapiens3
1272 2517 1539 2576 sapientiam

155 2592 268 2621 vero
290 2576 406 2621 hanc
425 2594 560 2636 quam
582 2579 752 2623 dudum
775 2581 1032 2640 quaerimus
1051 2581 1284 2628 videamus
1302 2601 1414 2630 num
1426 2590 1544 2634 sorte
