1734 2872
380 118 803 193 ALcnnA'n‘Es
830 118 1111 192 erIMnsss
1153 163 1157 165 >
1336 157 1426 196 281

66 261 374 315 invenerimus
410 270 530 327 quod
563 283 681 312 nunc
708 267 1093 348 praetermisimus
1120 264 1224 329 qtiia
1254 268 1433 326 longam

70 332 287 401 desiderat
304 337 657 405 inquisitionem.

173 414 246 457 Al.
306 413 429 471 Quid
455 414 571 456 hoc?
631 423 634 426 ⁴

174 490 248 533 So.
305 489 437 548 Quod
470 489 606 533 modo
637 490 701 532 ita
730 487 828 532 fere
849 487 1018 531 dictum
1043 498 1107 532 est
1124 489 1324 547 primum
1347 503 1440 531 esse

30 604 33 605 ⁷
66 557 395 615 explorandum
418 558 567 615 ipsum
589 559 674 615 per
692 557 763 610 se3
795 570 915 597 nunc
938 571 1048 597 vero
1070 571 1156 614 pro
1175 558 1272 615 ipso
1292 558 1438 615 ipsum

65 626 264 683 quidque
294 625 399 682 quid
425 633 539 668 esset
569 623 882 682 spectavimus.
920 629 965 664 et
993 622 1183 666 fortasse
1205 624 1308 668 satis
1333 626 1442 678 erit;

66 708 215 750 neque
253 693 375 737 enim
407 696 646 751 quicquam
676 706 837 734 eorum
868 705 980 747 quae
1010 690 1059 733 in
1090 691 1222 734 nobis
1253 701 1356 736 sunt
1387 693 1458 735 ad,

69 760 327 818 dignitatem
347 751 493 820 potius
511 775 604 804 esse
626 755 875 803 dixerimus
896 757 1065 803 animo.
1112 752 1115 755 ¹

178 836 255 880 Al.
310 836 676 894 Haudquaquam.

180 914 256 958 So.
310 915 472 958 Nonne
503 913 640 971 igitur
669 921 790 974 recte
808 913 871 956 ita
895 912 1109 956 sentimus
1131 927 1206 956 me
1230 921 1275 956 et
1298 921 1341 956 te
1365 912 1442 956 in·-

69 987 141 1023 ter
162 997 245 1024 nos
269 981 465 1038 colloqui
482 981 823 1024 &erbis-utentes
843 979 993 1024 animo
1020 995 1124 1023 cum
1149 979 1333 1024 animo?

181 1056 255 1100 Al.
313 1057 429 1102 Sane
449 1057 647 1113 quidem.

184 1135 256 1178 So.
311 1134 410 1177 Hoc
438 1133 577 1190 igitur
609 1143 705 1176 erat
733 1132 852 1191 quod
884 1132 1018 1175 etiam
1039 1132 1192 1190 paullo
1214 1147 1353 1188 supra
1375 1132 1445 1174 di-

70 1202 249 1253 ximus,
288 1200 516 1244 Socratem
547 1215 649 1242 cum
672 1200 901 1243 Alcibiade
920 1200 1042 1256 loqui
1064 1199 1215 1242 verbis
1233 1207 1447 1255 utentem,

70 1285 162 1313 non
182 1284 286 1311 cum
303 1260 428 1311 v‘oltl‘i
449 1275 525 1309 tuo
539 1299 551 1319 ‚
587 1275 637 1309 ut
654 1274 802 1324 patet,
839 1266 917 1308 sed
935 1281 1037 1308 cum
1057 1265 1313 1318 Alcibiade,
1357 1265 1447 1308 dis-

73 1344 319 1390 serentem3
347 1334 421 1377 hic
446 1342 510 1376 est
530 1342 681 1377 autem
703 1333 895 1377 animus.

180 1404 255 1448 Ab.
309 1401 427 1447 Mihi
451 1401 631 1458 quidem
649 1401 840 1445 videtur.

185 1471 254 1514 So,
313 1470 532 1514 Animum
550 1469 688 1526 igitur
709 1484 791 1511 nos
812 1467 937 1512 iubet
947 1483 1213 1526 cognoscere
1224 1469 1302 1527 qui
1314 1485 1449 1528 prae-

58 1538 185 1598 ·cipit
204 1547 255 1582 ut
269 1553 316 1581 se
347 1537 535 1594 quisque
555 1544 722 1578 noscat.

183 1605 260 1649 Al.
316 1604 511 1649 Videtur
531 1618 650 1647 sane.

185 1673 261 1717 So.
321 1671 416 1728 Qui
460 1685 566 1727 ergo
607 1669 777 1726 aliquid
820 1670 939 1726 quod
972 1669 1028 1712 ad
1059 1684 1224 1728 corpus
1255 1673 1452 1730 pertinet

48 1791 50 1794 Ι
78 1738 324 1797 cognoscit,
357 1753 459 1789 sua,
487 1752 580 1781 non
597 1752 644 1780 se
664 1738 815 1795 ipsum
834 1737 989 1780 noscit.

188 1807 264 1848 Al.
321 1806 404 1848 Ita.

190 1872 263 1915 So.
317 1871 478 1915 Nullus
514 1873 654 1929 igitur
693 1871 973 1916 medicorum
1018 1887 1066 1915 se
1104 1873 1259 1933 ipsum
1292 1876 1452 1929 noscit,

78 1946 297 1996 quatenus
314 1938 513 1982 medicus
535 1947 626 1990 est}
654 1954 737 1981 nec
758 1940 1003 1998 palaestrae
1022 1941 1251 1997 magister.

189 2004 264 2047 Al.
317 2004 422 2047 Non
437 2036 449 2058 ,
473 2013 524 2048 ut
545 2013 682 2062 patet.

191 2072 267 2114 So.
322 2071 478 2129 Longe
509 2086 616 2127 ergo
639 2071 762 2115 abest
782 2080 835 2116 ut
855 2072 1075 2128 agricolae
1095 2086 1145 2115 ac
1166 2073 1331 2130 reliqui
1350 2076 1453 2133 opi-

78 2138 185 2182 fices
216 2153 263 2180 se
294 2139 380 2196 ipsi
413 2146 629 2192 noscant3
665 2153 770 2182 nam
801 2154 859 2182 ne
878 2154 959 2181 sua
978 2139 1160 2197 quidem
1183 2139 1231 2183 hi
1250 2152 1454 2194 noscunt,

80 2215 134 2249 ut
165 2206 331 2263 quuet,
371 2206 448 2248 sed
482 2205 617 2248 etiam
646 2205 822 2264 longius
851 2207 1010 2251 absunt
1038 2222 1065 2250 a
1090 2223 1276 2251 suorum
1297 2211 1455 2267 cogni·-

0 2272 1 2276 ’
32 2306 37 2307 ⁷
82 2272 207 2315 tione
227 2288 312 2331 pro
332 2273 395 2315 eis
417 2289 524 2329 quas
544 2272 747 2316 factitant
763 2274 956 2329 artibu33
983 2289 1057 2317 res
1078 2274 1201 2321 enim
1219 2276 1274 2320 ad
1291 2276 1453 2339 corpus

82 2340 357 2397 pertinentes
376 2349 569 2383 noscunt
588 2341 750 2398 quibus
769 2341 875 2386 huic
897 2342 1156 2387 consulitur.

194 2407 270 2451 Al.
326 2407 448 2451 Vera
466 2407 591 2452 dicis.

195 2472 270 2516 So.
324 2473 420 2516 Iam
463 2475 500 2518 si
529 2477 795 2535 prudentiae
826 2485 891 2520 est
919 2492 966 2520 se
991 2477 1142 2536 ipsum
1173 2492 1452 2539 cognoscere,

83 2551 220 2581 nemo
241 2539 424 2583 illorum
441 2543 640 2599 prudens
661 2553 726 2587 est
750 2558 834 2607 pro
851 2551 946 2587 arte
964 2559 1059 2590 sua.

196 2605 269 2653 Al
326 2607 429 2652 Non
448 2610 562 2653 mihi
584 2611 774 2656 videtur.
