1734 2872
408 140 835 192 ALCIBIADES
876 138 1143 190 PRIMUS.
1357 157 1451 195 217

198 272 269 316 Al.
314 258 616 328 Nequaquam
636 265 804 318 hercle,
824 265 901 308 sed
921 265 1040 310 haud
1059 266 1320 326 ignorabam
1331 270 1460 332 equi—

92 345 216 393 dem,
232 340 335 383 imo
355 339 488 396 plane
508 333 861 399 cognoscebam‘
846 332 1059 378 miuriam
1081 335 1196 379 mihi
1213 335 1418 384 inferri.

61 404 64 409 ⁴
176 411 262 448 So.
317 406 505 450 putabas
527 405 663 462 igitur
680 402 772 445 iam
795 413 935 458 quum
951 415 1070 459 puer
1089 418 1227 459 esses,
1255 412 1308 449 ut
1323 410 1462 467 patet5

88 487 134 522 te
155 476 269 520 scire
288 474 402 517 iusta
423 481 468 516 et
488 472 666 514 iniusta.

74 543 78 547 ’
130 545 132 548 ’
197 542 273 587 Al.
327 535 553 599 Equidem
570 538 806 598 putabam,
834 546 968 595 atque
989 537 1122 580 etiam
1142 539 1356 584 sciebam:

198 615 267 656 So.
323 609 533 670 Quonam
551 616 759 666 tempore
778 605 993 649 invenisti
1004 606 1026 649 ¹?
1048 606 1171 656 haud
1188 623 1293 651 sane
1305 624 1358 653 eo
1372 624 1462 668 quo

87 679 274 737 putabas
291 686 335 722 te
349 677 479 720 scire.

199 746 274 792 ΑΙ.
327 744 532 789 Minime.

257 810 518 870 ‚Quando
537 811 678 870 igitur
694 819 739 855 te
755 811 964 870 ignorare
985 812 1232 871 putavisti?
1259 812 1468 894 conside-

90 895 165 924 ra.
191 895 337 938 neque
362 880 484 923 enim
502 880 581 923 inv
585 881 705 923 enies
723 879 810 923 hoc
829 889 1019 938 tempus.

203 947 285 991 Al.-
334 948 622 999 Mehercule,
648 947 853 1000 Socrate,
878 948 1069 992 minime
1085 948 1135 991 id
1159 947 1340 1005 quidem
1360 965 1468 1013 pos-2

93 1029 192 1057 sum
216 1015 375 1057 dicere.

203 1085 269 1123 So.
325 1081 448 1139 Ergo
469 1097 560 1125 non
584 1081 758 1139 cognita
779 1095 832 1124 ea
849 1080 985 1124 habes
1004 1081 1293 1128 inveniendo.

203 1149 279 1191 Al.
335 1148 530 1192 Minime
548 1149 718 1192 videor.

204 1219 271 1258 So.
329 1216 392 1259 At
413 1231 522 1259 vero
544 1218 680 1259 modo
701 1231 784 1259 nec
807 1217 1016 1259 discendo
1038 1217 1212 1261 dicebas
1233 1232 1285 1260 ea
1295 1216 1473 1276 cognita

93 1283 284 1338 habere3
324 1285 363 1326 si
389 1298 497 1327 vero
529 1298 673 1340 neque
698 1283 912 1326 invenisti
939 1299 1084 1342 neque
1105 1285 1320 1340 didicisti,
1359 1301 1472 1344 quo-

95 1353 231 1403 modo
252 1366 304 1394 ea
319 1353 546 1409 cognoscis
567 1359 612 1394 et
631 1350 784 1393 unde?

205 1418 281 1462 Al.
337 1420 398 1462 At
424 1418 609 1462 fortasse
637 1418 724 1461 hoc
751 1431 844 1461 non
866 1426 988 1462 recte
1009 1418 1093 1461 tibi
1111 1420 1327 1479 respondi
1353 1386 1473 1479 quod

99 1486 195 1530 dixi
222 1501 296 1531 me
323 1502 590 1544 cognoscere
620 1501 672 1530 ea
700 1501 726 1528 a
744 1495 913 1533 memet
935 1486 1035 1545 ipso
1056 1486 1255 1541 inventa.
1288 1489 1383 1532 imo
1407 1492 1474 1534 sic

98 1571 145 1597 se
187 1553 341 1598 habet:
391 1553 548 1607 didici,
597 1553 784 1612 opinor,
835 1568 916 1611 ego
962 1569 1165 1612 quoque,
1218 1556 1334 1601 sicut
1361 1559 1476 1603 reli-

101 1622 194 1680 qui.

122 1681 126 1686 ’
212 1693 285 1732 So.-
333 1690 507 1734 Rursus
540 1690 594 1733 ad
618 1690 812 1734 eundem
830 1704 1089 1735 sermonem
1113 1685 1412 1737 revertimur:
1432 1686 1436 1695 X
1455 1709 1481 1745 a

101 1758 330 1815 quonam?
358 1759 430 1801 dic
450 1757 564 1801 mihi
588 1773 779 1816 quoque.

212 1824 283 1867 Al.
341 1825 384 1868 A
409 1825 707 1869 multitudine.

213 1894 279 1932 So.
335 1892 442 1935 Non
466 1893 522 1935 ad
539 1892 706 1951 'probos
728 1893 911 1950 quidem
934 1901 1259 1953 praeceptores
1278 1897 1480 1955 confugis

107 1958 159 2001 ad
178 1957 511 2002 multitudinem
531 1973 797 2017 provocans.

218 2024 294 2069 Al.
354 2025 478 2082 Quid
498 2025 595 2068 ita?
622 2032 773 2068 nonne
793 2026 902 2069 haec
926 2027 1088 2071 docere
1110 2031 1288 2087 potest?

216 2096 281 2134 So.
337 2092 407 2136 Ne
423 2091 511 2134 hoc
534 2092 715 2148 quidem
735 2092 843 2149 quid
860 2094 915 2135 ad
926 2089 1200 2138 calculorum
1210 2095 1357 2141 lusum
1368 2113 1479 2156 per-

107 2163 246 2206 tineat
266 2159 374 2218 quid
393 2175 509 2213 non;
550 2174 820 2217 quamquam
847 2156 982 2203 vilius
1002 2160 1090 2204 hoc
1112 2177 1205 2206 esse
1221 2163 1336 2208 iusto
1356 2166 1480 2218 arbi÷

107 2237 205 2273 tror
216 2246 231 2284 3
260 2226 366 2286 quid
378 2228 398 2269 ’ἓ
426 2235 476 2270 tu
495 2242 587 2270 non
605 2227 669 2270 ita
690 2227 874 2271 censes?

223 2294 296 2339 Al.
353 2295 519 2339 Etiam
788 2306 789 2309 ’

222 2365 287 2404 So.
342 2362 465 2421 Ergo
497 2363 633 2407 vilius
667 2377 760 2407 non
780 2371 929 2423 potest
953 2365 1138 2419 docere,
1188 2375 1233 2413 at
1249 2375 1483 2426 praestan-7

113 2430 232 2473 tius?
1001 2469 1011 2473 ,

224 2498 296 2540 Al.
351 2498 464 2542 Puto
485 2498 719 2556 equidemg,
748 2499 834 2544 alia
855 2510 974 2546 certe
992 2502 1134 2546 multa
1153 2511 1299 2561 potest
1319 2504 1481 2548 docere

115 2564 438 2622 praestantiora
460 2566 729 2610 calculorum
753 2567 863 2612 lusu.

226 2635 288 2674 So.
343 2630 579 2691 Quaenam
597 2634 705 2679 haec
721 2636 742 2678 ’ἓ
