1670 2872
399 158 758 202 APOLOGIA
804 149 1150 198 socRA'rls.
1372 162 1460 218 105

108 293 238 341 quam
271 278 452 322 audistis
486 277 798 341 disserentem3
836 289 940 318 nam
978 275 1109 319 multi
1143 279 1337 318 vestrum
1368 283 1470 317 sunt

108 351 183 407 qui
215 348 465 391 audierunt.
498 345 629 387 dieite
662 359 766 402 ergo
787 344 906 386 inter
937 358 1041 395 vos,
1068 357 1124 385 an
1155 341 1252 399 quis
1271 349 1470 384 vestium

106 430 314 474 umquam
338 414 391 456 de
410 412 571 456 talibus
590 412 723 455 rebus
751 426 826 456 me
854 410 1092 467 quicquam
1114 409 1298 452 omnino
1319 409 1473 452 audie-

104 484 165 527 rit
199 483 511 533 disserentem3
548 487 768 537 atque¹ex
801 495 854 522 eo
885 477 1179 534 cognoscetis,
1214 476 1473 520 huiusmodi
1537 514 1540 515 γ

107 566 199 604 esse
216 550 352 608 ‚letiam
376 557 520 590 cetera
542 547 596 589 de
614 562 688 589 me
703 548 840 604 >vulgo
862 553 1053 588 narrata.
1079 552 1124 586 at
1141 559 1287 600 neque
1307 544 1473 588 horum

105 618 357 674 quicquam
377 615 541 657 factum
574 623 662 666 est,
691 628 838 671 neque
867 614 904 656 si
935 628 993 655 ex
1029 626 1250 668 quoquam
1280 612 1476 666 audistis,

105 699 179 726 me
198 685 263 725 ad
279 683 481 725 homines
515 671 781 725 eiudiendos
812 681 989 739 aggredi
1016 688 1060 722 et
1089 678 1341 721 mercedem
1375 681 1478 722 exi-

105 767 238 808 gere,
269 765 349 794 neo
382 749 466 792 hoc
495 759 559 792 est
590 765 767 792 verum.
798 762 1066 805 quamquam
1097 746 1230 788 etiam
1258 745 1346 788 hoc
1365 748 1478 790 mihi

106 819 285 861 videtur
307 817 549 875 pulchrum
571 831 688 870 esse,
720 817 758 859 si
776 818 874 873 quis
894 814 1032 873 possit
1059 813 1240 856 erudire
1257 813 1478 867 homines,

110 885 481 942 quemadmodum
506 894 550 928 et
566 884 812 928 Leontinus
836 882 1026 939 Gorgias
1052 886 1097 922 et
1118 879 1333 924 Prodicus
1364 882 1480 925 Ceus

111 962 154 995 et
186 952 370 1009 Hippias
398 952 547 995 Eleus.
585 967 691 994 nam
717 951 881 993 horum
916 948 1130 1006 quisque,
1165 948 1305 998 cives,
1335 959 1482 1007 potest

110 1021 159 1063 in
193 1018 395 1075 quamvis
435 1018 659 1061 civitatem
693 1016 919 1074 profectus
953 1014 1332 1067 adolescentibus,
1371 1032 1479 1073 quos

110 1086 224 1130 nihil
248 1084 456 1144 prohibet
485 1100 588 1128 cum
619 1083 902 1142 quocumque
934 1082 1074 1125 velint
1105 1083 1504 1126 suorumcivium*

111 1153 246 1210 gratis
270 1153 464 1202 versari,
501 1151 595 1200 his,
622 1153 804 1208 inquam
819 1182 830 1202 ,
859 1149 1129 1208 persuadent
1149 1158 1222 1202 ut,
1247 1149 1403 1192 relicta
1423 1151 1483 1193 il-

110 1222 260 1264 lorum
282 1218 600 1262 consuetudine
615 1250 625 1270 ‚
655 1233 759 1260 cum
777 1217 886 1274 ipsis
912 1225 1148 1260 versentur
1170 1216 1317 1274 pretio
1338 1217 1482 1260 soluto

112 1286 445 1343 atque‘insuper
467 1285 651 1342 gratiam
683 1284 888 1327 habeant.
909 1291 1106 1326 ceterum
1128 1284 1262 1326 etiam
1282 1284 1393 1326 alius
1411 1285 1483 1328 vir

111 1353 266 1397 Parius
287 1352 361 1394 hic
384 1359 449 1394 est
467 1352 657 1410 sapiens,
681 1367 815 1409 quem
835 1364 916 1408 ego
938 1350 1140 1409 comperi
1158 1350 1208 1394 in
1224 1351 1336 1394 urbe
1356 1367 1484 1395 com-

113 1421 295 1464 morari.
323 1419 442 1463 forte
472 1420 592 1464 enim
624 1433 922 1463 conveneram
945 1419 1119 1472 virum,
1148 1418 1223 1475 qui
1241 1419 1485 1477 sapientiae

115 1489 362 1532 doctoribus
380 1487 482 1544 plus
503 1486 721 1545 pecuniae
739 1495 1056 1530 numeraverat
1074 1501 1209 1544 quarn
1228 1487 1363 1530 ceteri
1383 1503 1483 1530 om-

114 1571 224 1610 nes,
260 1555 448 1599 Calliam
482 1554 738 1612 Hipponici.
782 1554 904 1596 hunc
944 1555 1083 1612 igitur
1119 1554 1332 1613 rogabam
1364 1554 1489 1608 (sunt

116 1623 236 1666 enim
267 1623 308 1665 ei
338 1623 427 1665 duo
458 1621 586 1675 filio:
634 1621 797 1674 Callia,
831 1621 1038 1678 inquam,
1088 1621 1125 1664 si
1158 1622 1226 1664 tui
1261 1621 1344 1664 filii
1371 1622 1489 1679 pulli
1547 1655 1550 1658 .

117 1690 267 1747 equini
285 1696 369 1732 aut·
380 1688 510 1732 vituli
531 1697 675 1731 essent
695 1689 787 1731 nati
801 1720 812 1741 ‚
838 1682 1104 1733 haberemus
1127 1697 1248 1732 certe
1278 1704 1413 1746 quem
1434 1689 1488 1732 iis

116 1757 378 1813 magistrum
410 1769 670 1812 caperemus
701 1764 745 1798 et
773 1755 1144 1806 conduceremus,
1175 1756 1253 1814 qui
1281 1771 1357 1799 eos
1379 1765 1491 1799 esset

119 1824 281 1881 probos
298 1828 659 1880 praestantesque
675 1823 929 1867 redditurus
950 1825 999 1867 in
1019 1839 1108 1882 quo
1129 1824 1389 1866 conveniret
1411 1839 1491 1881 ge·-

119 1904 230 1932 nere
250 1888 454 1941 virtutis3
483 1890 649 1949 quippe
668 1891 706 1932 is
729 1890 1027 1949 foretaliquis
1049 1891 1303 1952 peritorum
1330 1900 1404 1933 aut
1423 1891 1493 1933 rei

123 1954 338 2011 equestris
367 1963 442 1997 aut
474 1957 796 2011 agricultura03
833 1974 955 2001 nunc
980 1974 1090 2002 vero
1117 1973 1257 2014 quum
1285 1957 1493 2003 homines

122 2023 222 2074 sint,
243 2035 376 2077 quem
396 2018 451 2060 iis
465 2022 723 2076 magistrum
736 2039 895 2080 capere
916 2026 1080 2081 cogitas
1094 2025 1116 2065 ’ἓ
1137 2027 1236 2080 quis
1258 2023 1391 2064 huius
1405 2022 1495 2064 hu·-

121 2102 280 2132 manae
292 2097 335 2130 et
355 2084 496 2128 civilis
506 2087 689 2130 virtutes
704 2089 846 2131 sciens
859 2092 954 2133 est?
975 2106 1074 2133 nam
1087 2100 1129 2133 te
1139 2098 1252 2147 puto
1261 2088 1307 2131 id
1320 2089 1496 2146 quaesi-

122 2155 239 2198 visse
258 2162 498 2211 propterea
518 2155 634 2210 quod
653 2154 768 2197 filios
787 2156 934 2200 habes.
956 2165 1078 2198 estne
1098 2156 1272 2213 aliquis,
1293 2157 1495 2213 inquam,

123 2221 299 2265 necne?
346 2220 494 2272 Vero,
529 2221 691 2278 inquit.
747 2222 889 2280 Quis,
933 2225 1142 2280 inquam,
1182 2230 1227 2265 et
1264 2223 1415 2283 cuias?
1451 2232 1496 2266 et

126 2303 216 2344 quo
236 2285 381 2344 pretio
401 2287 558 2330 docet?
589 2288 786 2342 Evenus,
812 2290 973 2346 inquit,
999 2291 1063 2332 mi
1084 2290 1312 2343 Socrates,
1341 2291 1500 2334 Parius

127 2354 324 2410 quinque
343 2353 490 2396 minis·
514 2354 578 2396 Ibi
596 2365 690 2398 tum
706 2370 786 2413 ego
807 2357 1014 2402 Evenum
1035 2359 1214 2402 beatum
1230 2357 1499 2415 praedicavi,

129 2422 166 2463 si
196 2435 302 2462 vere
332 2429 482 2463 nosset
508 2421 621 2463 hanc
656 2431 796 2465 artem
827 2432 871 2466 et
899 2426 1007 2467 adeo
1042 2425 1275 2468 commode
1309 2426 1497 2468 doceret.

131 2502 212 2543 ego
246 2495 365 2528 certe
396 2487 492 2544 ipse
523 2502 696 2545 quoque
725 2490 837 2532 mihi
880 2493 1103 2548 placerem
1134 2499 1176 2534 et
1203 2492 1497 2549 superbirem,

130 2554 214 2596 ista
237 2553 274 2594 si
295 2560 520 2607 teneren13
551 2565 594 2597 at
620 2556 739 2597 enim
772 2572 861 2599 non
887 2567 1040 2609 teneo,
1071 2559 1374 2602 Athenienses.

242 2620 326 2667 llic
349 2620 533 2665 forsitan
556 2623 796 2679 suscipiens
814 2625 970 2683 aliquis
997 2626 1112 2669 dicat
1126 2633 1321 2669 vestrum
1344 2626 1501 2682 Quod-
