1696 2898
554 238 947 286 LAOHES.
1325 247 1412 288 491

179 360 268 405 La.
325 358 465 418 Quid,
483 356 700 403 Socrate?
724 356 921 403 nondum
944 333 1093 399 vidisti
1109 343 1427 418 quisineprae'*

69 420 323 486 ceptoribus
365 426 600 487 peritiores
645 425 867 470 evaserint
905 425 1225 473 nonnullarum
1264 427 1429 473 artium
1487 430 1494 436 ’”
1534 441 1538 447 ·

69 511 200 552 quam
221 509 325 538 cum
346 493 706 555 praeceptoribus
719 493 742 535 ’ἓ

180 562 252 605 So.
305 562 403 619 Eg'o
426 576 548 612 vero,
574 559 768 612 Laches3
797 558 867 601 his
886 566 1035 602 tamen
1057 565 1108 601 tu
1132 561 1272 604 nolles
1295 562 1432 607 fidem
1489 597 1493 601 .

66 628 257 681 habere,
296 629 334 671 si
355 628 553 670 dicerent
571 627 706 669 bonos
724 641 771 669 se
794 641 889 670 esse
909 625 1122 678 artifices,
1151 627 1238 674 nisi
1256 630 1339 672 tibi
1357 646 1434 673 ar-

67 697 125 740 tis
155 711 261 738 suae
290 711 404 754 opus
435 695 614 752 aliquod
640 701 818 752 possent
837 693 1070 740 ostendere
1095 694 1209 744 bene
1231 696 1436 745 elabora-

68 770 164 806 tum
180 794 193 816 ,
220 773 263 807 et
282 778 425 809 unum
443 771 489 806 et
507 762 650 820 plura.

179 830 269 874 La.
326 831 420 877 Hoc
440 829 621 887 quidem
643 842 752 872 vere
769 827 894 871 dicis.

180 897 255 941 So.
309 898 463 956 Itaque
492 913 574 940 nos
603 911 780 953 quoque
810 904 1006 954 oportet,
1047 912 1074 939 ο
1093 896 1263 942 Laches
1289 908 1334 943 et
1351 901 1439 944 Ni-

70 964 165 1014 cia,
195 966 407 1020 quoniam
435 963 726 1023 Lysimachus
756 971 800 1007 et
816 964 1022 1010 Melesias
1040 964 1090 1007 in
1109 966 1344 1014 consilium
1357 983 1439 1011 nos

70 1031 347 1074 advocarunt
383 1031 437 1074 de
462 1031 591 1084 filiis,
636 1046 820 1090 operam
854 1031 1005 1074 dantes
1037 1039 1085 1075 ut
1116 1047 1248 1089 quam
1280 1036 1441 1092 optimi

72 1112 230 1140 eorum
265 1099 405 1142 animi
435 1099 646 1150 evadant,
672 1098 915 1143 *ostendere
935 1099 1003 1140 ·iis
1023 1109 1361 1158 praeceptores,
1401 1103 1441 1146 si

72 1166 261 1209 dicimus
292 1183 373 1210 nos
405 1167 634 1218 habuisse,
674 1166 858 1223 quinam
884 1165 951 1209 illi
973 1165 1167 1217 fuerint,
1201 1169 1276 1225 qui
1301 1185 1442 1226 quum

70 1233 159 1289 ipsi
190 1235 327 1291 primi
358 1235 466 1277 boni
486 1233 656 1276 fuerint
676 1234 1012 1290 multorumque
1028 1234 1246 1280 iuvenum
1267 1237 1442 1279 animos

72 1301 379 1353 excoluerint,
407 1310 504 1344 tum
536 1317 616 1344 nos
639 1317 843 1357 quoque,
875 1309 927 1347 ut
960 1310 1155 1353 constet,
1183 1298 1442 1358 docuerint3

72 1376 150 1411 aut
192 1369 228 1413 si
270 1369 367 1426 quis
397 1368 600 1411 nostrum
628 1369 831 1426 ipsorum
863 1377 996 1424 neget
1023 1383 1071 1410 se
1105 1369 1315 1426 magistro
1348 1386 1443 1415 esse

74 1449 230 1485 usum,
257 1450 394 1494 opera
412 1451 522 1479 vero
545 1451 570 1477 a
589 1450 636 1478 se
656 1435 857 1493 profecta
878 1435 1018 1492 possit
1040 1436 1239 1482 indicare
1248 1469 1262 1490 ,
1291 1438 1378 1483 erit
1401 1440 1447 1484 ei

77 1502 398 1548 ostendendum
411 1503 592 1560 quinam
607 1502 952 1547 Atheniensium
966 1503 1040 1547 vel
1052 1513 1328 1560 exterorum,
1347 1508 1446 1550 sive

73 1571 192 1612 servi
222 1570 317 1613 siv'e
344 1570 502 1623 liberi,
537 1586 618 1627 per
635 1571 786 1627 ipsum
808 1570 1045 1618 manifesto
1070 1574 1293 1619 evaserint
1312 1574 1445 1628 boni3

72 1636 233 1680 horum
263 1645 412 1679 autem
433 1637 470 1678 si
495 1636 610 1678 nihil
627 1635 758 1678 nobis
777 1637 997 1694 suppetit,
1035 1637 1194 1681 iubere
1210 1654 1284 1683 eos
1306 1642 1445 1687 debe-

73 1719 175 1746 mus
206 1705 316 1746 alios
346 1718 584 1760 quaerere,
620 1718 712 1744 non
741 1703 790 1745 in
821 1702 1072 1745 amicorum
1101 1703 1309 1751 virorum
1340 1707 1448 1751 filiis

74 1771 320 1829 periclitari
349 1786 511 1827 eosque
540 1778 880 1827 corrumpentes
907 1770 1159 1816 maximum
1189 1771 1240 1816 in
1272 1773 1449 1818 crimen

76 1838 231 1880 vocari
265 1853 290 1881 a
311 1837 685 1882 familiarissimis,
716 1851 796 1894 ego
818 1836 1023 1894 quidem,
1065 1854 1092 1880 o
1115 1838 1385 1897 Lysimache
1404 1847 1449 1884 et

81 1906 287 1958 Melesia,
323 1904 579 1964 primus-de
609 1920 682 1948 me
713 1904 813 1947 dico
846 1905 927 1948 hac
954 1904 1003 1947 in
1032 1920 1084 1948 re
1116 1921 1191 1948 me
1208 1907 1333 1952 nullo
1354 1922 1450 1950 esse

77 1988 210 2014 usum
247 1982 567 2031 praeceptore,
603 1987 872 2029 quamquam
901 1981 1065 2030 appeto
1097 1988 1205 2016 eam
1234 1989 1259 2017 a
1286 1990 1450 2033 puero.

79 2048 123 2082 at
152 2039 358 2097 sophistis
388 2055 479 2082 non
510 2055 694 2097 possum
725 2039 978 2083 mercedem
1005 2041 1204 2093 solvere,
1255 2042 1334 2098 qui
1366 2042 1452 2085 soli

77 2106 268 2165 polliciti
288 2115 392 2151 sunt
412 2122 459 2149 se
479 2104 717 2150 effecturos
736 2122 830 2150 esse
848 2122 920 2150 me
941 2106 1179 2154 honestum
1194 2124 1243 2152 ac
1255 2109 1450 2163 bonum3

78 2175 177 2232 ipse
209 2182 359 2218 autem
389 2173 598 2217 invenire
630 2174 744 2216 hanc
779 2183 920 2219 artem
952 2174 1097 2218 adhuc
1129 2191 1221 2218 non
1244 2177 1386 2234 potui.
1413 2177 1451 2223 si

79 2257 191 2285 vero
225 2241 375 2284 Nicias
401 2242 473 2285 vel
494 2240 664 2287 Laches
692 2255 790 2284 eam
822 2241 1080 2286 invenerint
1104 2243 1174 2289 vel
1199 2243 1451 2298 didicerint,

79 2323 172 2351 non
193 2310 359 2363 mirer3
384 2323 487 2351 nam
510 2308 670 2366 opibus
692 2323 763 2352 me
783 2309 1055 2366 potentiores
1076 2317 1195 2363 sunt,
1221 2321 1268 2356 ut
1282 2312 1452 2357 discere

82 2377 311 2433 potuerint
342 2377 395 2419 ab
428 2376 552 2427 aliis,
591 2375 813 2432 simulque
847 2369 986 2421 aetate
1019 2378 1348 2436 provectiores,
1399 2388 1451 2424 ut

83 2443 174 2485 iam
205 2444 429 2500 potuerint
459 2444 676 2486 invenire.
703 2445 909 2500 quocirca
930 2445 1137 2489 videntur
1154 2446 1266 2489 mihi
1289 2446 1343 2489 ad
1363 2446 1452 2489 ho-

83 2511 255 2553 minem
283 2511 607 2556 instituendum
640 2512 815 2565 valere3
855 2528 1100 2569 numquam
1122 2514 1241 2558 enim
1260 2513 1452 2558 fidenter

76 2577 384 2621 decrevissent
402 2577 456 2619 de
473 2578 632 2621 studiis
654 2578 807 2621 iuveni
825 2580 1007 2623 utilibus
1030 2590 1073 2624 et
1092 2581 1336 2634 inutilibus,
1364 2582 1453 2624 nisi

85 2644 171 2688 sibi
190 2645 462 2688 confiderent
483 2645 588 2689 satis
608 2661 655 2687 se
677 2661 832 2689 eorum
854 2648 1039 2692 scientes
1062 2664 1171 2691 esse.
1200 2664 1249 2691 ac
1269 2649 1322 2691 de
1345 2649 1452 2691 reli-

88 2712 187 2768 quis
222 2712 403 2770 quidem
437 2728 517 2770 ego
538 2712 608 2756 his
627 2713 762 2757 fidem
789 2713 958 2771 habeo3
995 2717 1116 2775 quod
1137 2732 1244 2760 vero
1268 2716 1385 2759 iuter
1406 2730 1452 2757 se
