1670 2872
294 687 825 763 'APOLOGIA
887 688 1362 740 soCRATIS.

167 811 416 884 Quomodo
438 850 530 888 VOS,
558 834 866 888 Athenienses,
887 835 1116 878 affecerint
1136 844 1411 879 accusatores
1434 838 1539 890 mei,

162 899 311 942 nescio
322 917 336 954 3
356 916 437 957 ego
457 913 577 959 certe
595 903 693 960 ipse
715 918 894 960 quoque
913 904 1001 945 illis
1021 903 1269 944 dicentibus
1289 918 1430 960 paene
1447 906 1552 948 mei.

163 982 263 1009 sum
295 967 480 1022 oblitus3
523 969 632 1010 adeo
669 969 724 1011 ad
751 969 1113 1027 persuadendum
1145 970 1347 1026 apposita
1381 985 1538 1014 eorum

164 1043 260 1076 erat
279 1034 434 1077 oratio.
456 1050 724 1092 quamquam
745 1036 842 1078 veri
862 1036 1046 1092 quidem
1064 1035 1181 1077 nihil
1201 1039 1537 1094 propemodum

163 1099 387 1143 dixerunt.
412 1101 487 1143 sed
508 1118 566 1144 ex
586 1102 795 1160 plurimis
819 1103 951 1146 rebus
975 1118 1080 1160 quas
1114 1101 1290 1146 mentiti
1310 1114 1414 1147 sunt
1436 1108 1545 1147 ma-'

160 1169 286 1211 xime
306 1183 442 1210 unam
468 1185 565 1212 sum
583 1169 699 1213 hanc
721 1170 931 1222 miratus,
962 1169 1079 1227 quod
1109 1170 1350 1213 monebant
1371 1185 1536 1213 caven-

160 1234 268 1277 dum
297 1249 391 1276 esse
418 1235 570 1286 vobis,
608 1251 724 1284 nea
754 1252 828 1279 me
858 1237 1214 1295 deciperemine,
1252 1235 1419 1295 quippe
1455 1237 1534 1296 qui

159 1301 371 1358 eloquens
394 1317 549 1345 essem.
574 1302 693 1360 quod
712 1306 833 1346 enim
857 1320 932 1347 eos
955 1320 1044 1348 non
1064 1304 1227 1362 puduit
1244 1303 1377 1347 huius
1396 1320 1532 1347 men-
1551 1345 1553 1347 .

159 1369 300 1422 dacii,
333 1384 469 1425 quum
502 1369 650 1413 statim
677 1386 728 1412 re
765 1371 861 1429 ipsa
880 1373 1168 1414 convicturus
1188 1372 1274 1415 sim
1302 1371 1428 1416 nullo
1455 1388 1531 1416 me

156 1437 291 1487 modo
314 1438 594 1495 eloquentem
618 1452 711 1480 esse
722 1470 736 1489 ,
765 1438 810 1480 id
832 1438 945 1481 mihi
963 1438 1110 1482 visum
1132 1447 1197 1482 est
1218 1437 1272 1481 ab
1300 1438 1357 1494 iis
1376 1439 1530 1496 impu-

157 1502 412 1548 dentissime
430 1505 555 1557 fieri,
593 1506 679 1548 nisi
698 1505 816 1549 forte
846 1508 1126 1564 eloquentem
1147 1505 1196 1548 hi
1224 1512 1385 1549 vocant
1409 1520 1528 1561 eum,

156 1571 234 1628 qui
254 1588 361 1615 vera
378 1574 516 1627 dicat3
546 1574 704 1630 quodsi
725 1575 844 1617 enim
867 1572 953 1618 hoc
980 1575 1158 1626 volunt,
1188 1570 1364 1616 fatebor
1397 1572 1529 1631 equi-

158 1637 258 1682 dem
293 1650 518 1684 oratorem
545 1656 619 1683 me
651 1657 766 1695 esse,
812 1642 888 1684 sed
917 1643 1104 1685 istorum
1143 1639 1415 1683 dissimilem·
1450 1638 1527 1682 isti

154 1707 315 1764 igitur,
344 1716 393 1751 ut
422 1723 503 1765 ego
532 1708 629 1761 aio,
658 1708 772 1752 nihil
793 1710 889 1753 veri
920 1709 1157 1761 dixerunt,
1185 1723 1264 1750 vos
1292 1716 1438 1750 autem
1465 1721 1526 1750 ex

155 1791 230 1819 me
250 1774 434 1818 audietis
454 1775 672 1833 quomodo
692 1792 764 1819 res
782 1793 829 1819 se
850 1775 1010 1819 habeat
1026 1790 1171 1832 neque
1189 1784 1340 1818 tamen
1359 1772 1524 1826 hercle,

156 1841 471 1895 Athenienses,
502 1845 774 1895 orationem,
801 1844 942 1901 qualis
963 1842 1153 1891 horum,
1182 1840 1332 1885 verbis
1362 1847 1406 1881 et
1435 1855 1522 1881 vo-

158 1908 322 1951 cabulis
353 1910 551 1966 pulchris
580 1911 870 1964 illustratam,
910 1926 1054 1966 neque
1085 1917 1287 1952 ornatam
1321 1905 1522 1957 audietis,

155 1975 232 2018 sed
255 1975 400 2017 subito
424 1977 535 2018 dicta
557 1987 600 2020 et
618 1978 884 2034 quotidianis
915 1977 1141 2020 vocabulis
1171 1976 1373 2031 exposita
1381 1992 1396 2028 ς,
1423 1983 1521 2016 ete-

158 2042 253 2084 nim
267 2041 397 2084 credo
410 2042 524 2084 iusta
541 2057 632 2084 esse
652 2059 764 2099 quae
787 2045 909 2094 dico3
935 2050 978 2084 et
989 2059 1046 2084 ne
1066 2043 1300 2099 quisquam
1322 2048 1520 2084 vestrum

158 2114 385 2166 exspectet
397 2106 692 2164 aliter.neque
712 2110 846 2160 enim,
868 2109 1043 2166 opinor,
1066 2108 1253 2159 deceret,
1264 2108 1394 2160 cives,
1405 2107 1519 2150 hanc

156 2184 367 2226 aetatem,
395 2175 517 2217 velut
549 2175 924 2218 adolescentulum
950 2191 1053 2217 cum
1087 2174 1287 2218 oratione
1320 2173 1433 2218 facta
1462 2174 1517 2217 atl

155 2260 236 2287 vos
255 2243 448 2301 prodire.
470 2251 508 2284 at
532 2258 639 2284 vero
663 2241 746 2284 hoc
776 2243 906 2286 etiam
930 2251 1059 2299 atque
1079 2243 1234 2294 etiam,
1267 2240 1518 2284 Athenien-

159 2327 248 2363 ses,
277 2327 351 2353 vos
374 2323 483 2366 rogo
506 2318 635 2365 atque
656 2324 734 2351 oro
756 2319 819 2361 ut,
849 2309 885 2353 si
909 2326 980 2352 me
1002 2309 1158 2351 eodem
1181 2324 1343 2365 genere
1362 2308 1516 2351 audia-

156 2379 213 2420 tis
233 2394 316 2436 pro
343 2394 413 2419 me
437 2377 653 2420 dicentem
669 2409 682 2429 ,
715 2392 803 2433 quo
821 2377 946 2434 loqui
974 2392 1072 2420 sum
1094 2377 1247 2419 solitus
1278 2376 1387 2418 etin
1414 2375 1515 2418 foro

157 2446 271 2502 apud
299 2461 495 2497 mensas,
536 2445 610 2487 ubi
636 2461 707 2488 me
738 2452 932 2487 vestrum
958 2446 1160 2502 plerique
1187 2444 1443 2492 audierunt,
1472 2450 1516 2485 et

158 2515 253 2557 aliis
276 2514 324 2556 in
344 2514 473 2561 loci-⁴3,
501 2528 582 2554 nec
604 2512 827 2554 miremini
851 2528 995 2569 neque
1025 2512 1080 2554 ob
1107 2511 1215 2553 illud
1238 2511 1514 2568 obstrepatis.

159 2596 263 2623 nam
282 2582 343 2623 ila
363 2596 408 2621 se
432 2595 502 2622 res
524 2580 679 2623 habet:
715 2595 831 2622 nunc
861 2595 939 2637 ego
961 2579 1158 2637 primum
1185 2579 1231 2620 in
1261 2589 1515 2634 suggestum

158 2648 313 2690 iudicii
330 2647 529 2690 adscendi
546 2680 558 2702 ‚
587 2661 720 2691 annos
741 2655 867 2691 natus
884 2648 983 2706 plus
1005 2645 1302 2704 septuaginta3
1329 2659 1513 2703 prorsus

1147 2714 1187 2754 G
1219 2726 1240 2753 2
