1734 2872
374 182 811 225 ALcnnAnEs
849 156 1222 229 mecm-nus.
1383 194 1471 232 321

202 301 279 346 So.
334 301 487 359 ltaque
506 314 591 344 nec
607 299 647 343 si
659 298 765 356 'quis
785 313 918 356 quem
937 298 1192 343 interficere
1213 300 1298 344 scit
1308 304 1380 346 vel
1392 319 1475 363 pe-

99 369 231 415 cunia
262 369 462 427 spoliare
503 366 579 411 vel
621 365 841 409 exsulem¹
862 365 1064 420 efficere,
1109 367 1288 425 ignorat
1323 379 1471 416 autem

94 437 266 495 quando
289 437 449 480 melius
472 435 528 477 sit
546 441 589 477 et
608 447 757 490 quem.

201 505 277 547 Al.
332 502 524 547 Minime
549 515 674 545 vero.
725 536 728 537 ν

204 572 277 615 So.
334 569 431 628 Qui
453 568 593 627 igitur
611 566 774 611 horum
800 566 969 625 aliquid
989 567 1087 620 scit,
1118 572 1155 612 si
1177 571 1218 612 ei
1236 572 1474 616 comitatur

90 639 251 698 optimi
279 637 466 682 scientIa
491 657 548 668 --
576 643 672 679 erat
698 644 850 681 autem
877 635 988 679 haec
1015 636 1171 680 eadem
1191 653 1303 694 quae
1325 640 1474 684 utilisz
1531 642 1538 651 ²

91 706 278 750 noune?

201 773 279 818 Al.
333 771 498 815 Etiam.

201 841 273 884 So.
327 839 602 884 Prudentem
631 853 738 884 eum
778 837 979 884 dicemus
1010 849 1054 883 et
1073 838 1290 884 idoneum
1319 842 1472 885 consi-

89 907 272 952 lim-ium
296 915 340 951 et
358 908 527 951 civitati
547 916 592 951 et
611 905 695 949 sibi
714 905 866 965 ipsum
881 939 896 958 ‚
935 922 1037 951 eum
1060 922 1171 949 vero
1191 908 1267 964 qui
1293 924 1384 951 non
1407 919 1474 953 est

90 974 175 1017 hoc
199 974 330 1017 modo
353 975 512 1026 sciens,
531 973 758 1018 contrario
780 973 1024 1019 afficiemus
1047 974 1257 1030 nomine3
1287 991 1343 1018 an
1355 993 1473 1034 quo-

91 1043 227 1085 modo
250 1040 460 1084 videtur?

200 1108 279 1151 Al.
338 1107 454 1151 Mihi
473 1123 579 1150 sane
603 1106 681 1153 ita.

202 1175 274 1217 So.
331 1174 454 1232 Quid
474 1191 582 1218 vero
598 1207 610 1228 ,
638 1174 675 1218 si
706 1175 804 1232 quis
824 1177 1026 1232 equitare
1045 1175 1118 1218 vel
1141 1172 1348 1234 sagittare
1370 1176 1469 1230 scit,

90 1241 163 1285 vel
193 1241 327 1284 etiam
360 1242 523 1285 luctari
550 1243 620 1285 vel
641 1243 806 1300 pugnis
826 1243 899 1286 vel
918 1244 1005 1285 alio
1028 1258 1117 1300 quo
1141 1244 1277 1286 modo
1293 1255 1471 1289 certare

89 1308 164 1351 vel
188 1308 321 1351 etiam
339 1308 459 1351 aliud
479 1308 587 1365 quid
611 1323 769 1352 eorum
796 1323 907 1366 quae
931 1315 1028 1352 arte
1038 1311 1218 1361 scimus,
1247 1313 1472 1367 quomodo

88 1392 219 1420 vocas
251 1392 355 1421 eum
389 1375 467 1434 qui
498 1376 728 1433 cognitum
754 1375 889 1422 habet
914 1377 1035 1434 quod
1058 1376 1109 1420 in
1130 1377 1213 1421 hac
1234 1387 1331 1421 arte
1351 1380 1472 1438 opti-

90 1460 216 1488 mum
238 1444 336 1487 est?
361 1458 512 1486 nonne
531 1444 580 1487 in
605 1459 657 1487 re
681 1443 879 1503 equestri
900 1444 1130 1502 equitandi
1149 1445 1385 1504 peritum?

200 1510 277 1553 ΑΙ.
333 1511 430 1569 Ego
462 1526 585 1557 vero,

203 1578 277 1621 So.
333 1579 387 1621 In
429 1579 703 1636 pugilatione
739 1592 874 1631 vero,
922 1578 1112 1638 opinor,
1152 1581 1382 1638 pugilem,
1419 1583 1470 1626 in

92 1654 187 1688 arte
206 1646 361 1689 tibiam
380 1646 566 1689 inflandi
585 1646 817 1690 tibicinem
833 1677 846 1698 ,
881 1653 926 1688 et
946 1653 1094 1689 cetera
1110 1645 1211 1690 sine
1233 1647 1369 1692 dubio
1392 1665 1470 1693 ea·-

93 1712 194 1755 dem
214 1713 389 1756 ratione
413 1729 497 1770 qua
518 1713 653 1768 haec3
682 1728 740 1765 an
766 1713 853 1757 alia
877 1708 1009 1761 fere?

200 1778 278 1829 Al.
332 1781 458 1833 Non,
486 1780 561 1823 sed
586 1780 683 1824 hac.

202 1846 274 1890 So.
328 1848 580 1892 Videturne
604 1848 688 1892 tibi
712 1862 890 1891 necesse
911 1860 1004 1889 esse
1022 1846 1176 1892 virum
1196 1848 1357 1895 horum
1378 1851 1468 1895 ali-z

94 1911 220 1954 cuius
247 1913 460 1959 scientem
493 1917 629 1959 etiam
664 1915 934 1975 prudentem
955 1918 1081 1959 esse?
1118 1928 1176 1958 an
1194 1916 1328 1974 longe
1348 1917 1465 1962 dice-
1518 1933 1526 1938 ⁸

94 1994 195 2022 mus
214 1979 365 2022 abesse
378 1982 400 2023 ‘2
842 1983 856 1993 ⁸

202 2046 280 2088 Al.
335 2047 492 2105 Longe
510 2045 676 2092 hercle.
1427 2082 1435 2089 .

207 2114 281 2158 So.
337 2114 528 2172 Qualem
548 2116 684 2172 igitur
703 2123 834 2173 putas
855 2113 1080 2157 civitatem
1100 2112 1201 2156 fore
1214 2114 1468 2172 sagittario-

95 2198 200 2226 rum
217 2182 441 2225 bonorum
465 2191 508 2226 et
527 2181 785 2234 tibicinum,
813 2189 1046 2238 praeterea
1068 2179 1336 2226 athletarum
1358 2185 1467 2228 reli-

95 2265 372 2308 quorumque
404 2249 651 2301 artificum,
703 2247 863 2304 hisque
895 2261 1005 2304 quos
1034 2247 1168 2290 modo
1196 2247 1391 2295 diximus
1426 2248 1465 2295 si

95 2318 444 2375 adiungerentur
472 2316 580 2360 belli
601 2314 786 2374 gerendi
806 2322 851 2357 et
871 2313 1167 2358 interficiendi
1189 2323 1359 2359 tantum
1377 2318 1466 2360 sci-

96 2393 242 2434 entes,
288 2386 473 2442 insuper
503 2383 592 2427 viri
619 2381 835 2426 rhetorici
864 2381 1026 2440 spiritu
1057 2381 1181 2425 civili
1211 2381 1376 2434 inflati,
1414 2382 1463 2425 hi

96 2466 207 2494 vero
237 2466 389 2494 omnes
422 2452 516 2494 eius
538 2450 656 2508 quod
679 2449 897 2507 optimum
921 2456 985 2490 est
1003 2447 1185 2490 scientia
1204 2456 1401 2491 carentes
1420 2459 1463 2492 et

95 2517 278 2561 homine
299 2516 463 2575 privati
490 2514 564 2575 qui
587 2518 720 2560 sciret
739 2517 912 2573 quaudo
936 2515 1094 2557 melius
1119 2523 1231 2559 esset
1254 2531 1463 2573 unoquo-

97 2600 183 2642 que
203 2584 382 2629 illorum
409 2585 472 2629 uti
500 2596 544 2629 et
563 2588 773 2628 adversus
794 2584 959 2639 quem?

208 2646 283 2694 Al.
342 2649 492 2697 Vilem
516 2649 719 2710 equidem
742 2646 854 2695 hanc
873 2650 998 2702 fore,
1026 2648 1232 2705 Socrate,
1260 2656 1383 2707 puto.

159 2722 267 2761 Tom.
309 2724 353 2762 V
349 2724 425 2765 Ils.
1147 2717 1191 2760 X
