1734 2872
477 225 838 283 APoLomA
880 239 1233 285 soanTIs
1459 249 1550 286 117

280 359 435 415 Itaque
472 355 710 410 dic-mihi,
757 371 943 413 quaeso,
987 357 1168 411 Melite,
1201 354 1549 416 Nonne'.magni

169 427 277 469 facis
290 426 380 468 -hoc
399 434 449 469 ut
466 425 765 469 adolescentes
784 424 894 468 fiant
915 439 1050 481 quam
1072 424 1269 481 optimi?
1314 416 1407 470 Ita.
1447 426 1546 483 Age

167 495 273 537 dum
292 526 303 546 ,
329 493 400 537 dic
423 493 521 547 his3
547 492 739 550 quis'eos
761 493 973 536 meliores
993 491 1177 533 reddit?
1206 508 1298 535 non
1317 492 1439 536 enim
1457 493 1545 537 du-

164 561 293 606 bium
320 569 382 605 est
401 561 509 618 quin
531 560 642 603 scias
657 591 671 614 ,
696 574 837 616 quum
860 560 908 602 id
927 559 1009 602 tibi
1034 573 1169 601 curae
1197 560 1268 603 sit.
1311 575 1416 603 nam
1438 551 1546 604 cor-3

118 632 126 644 ⁸
161 638 422 688 ruptorem,
461 636 514 670 ut
530 627 621 678 ais‚‘
660 642 802 684 quum
825 642 900 670 me
918 626 1168 685 repereris,
1205 642 1371 670 nomen
1390 643 1544 671 meum

163 697 235 741 his
265 696 410 740 defers
435 710 600 752 meque
623 709 798 737 accusas
811 712 826 749 3
864 710 1097 752 eumergo
1115 694 1191 751 qui
1208 695 1416 739 meliores
1433 695 1542 738 red-

140 765 228 810 ,dit
255 764 351 817 ὤας
382 778 464 820 age
484 761 616 815 dum,
653 771 698 805 et
726 761 876 804 indica
902 763 964 804 eis
986 763 1086 820 quis
1110 763 1181 806 sit.
1241 763 1399 807 Viden’
1418 770 1464 804 te
1479 762 1559 813 si-¹

159 832 276 886 lere,
318 831 500 883 Melite,
543 843 691 887 neque
716 830 885 873 habere
917 830 1038 887 quod
1072 830 1223 873 dicas?
1271 845 1541 888 quamquam
1588 849 1599 853 -

158 899 414 943 nonnehoc
435 906 569 955 turpe
588 913 680 940 esse
698 897 781 942 tibi
805 898 984 941 videtur
1006 907 1049 941 et
1071 898 1284 941 idoneum
1293 911 1540 954 argumen-

158 975 259 1010 tum
268 967 364 1009 eius
384 965 505 1022 quod
519 965 633 1018 dixi,
653 973 697 1008 te
708 965 822 1009 nihil
839 981 937 1009 rem
950 966 1158 1008 curasse?
1181 965 1288 1017 iam,
1310 965 1468 1007 amabo
1481 973 1539 1017 te,

160 1033 233 1076 dic
255 1033 354 1090 quis
376 1031 475 1074 illos
496 1027 644 1074 reddit
659 1033 1002 1089 praestantiores
1016 1035 1039 1075 ’ἓ
1066 1034 1220 1090 Leges.
1268 1033 1332 1075 At
1347 1047 1441 1074 non
1451 1031 1538 1073 hoc

156 1115 291 1157 rogo,
330 1100 401 1142 vir
427 1099 618 1156 optime,
655 1099 732 1142 sed
756 1099 853 1157 quis
877 1100 1038 1154 homo,
1067 1101 1144 1158 qui
1172 1100 1376 1157 primum
1399 1098 1537 1141 etiam

155 1168 244 1211 hoc
280 1167 432 1224 ipsum
467 1166 600 1219 sciat,
645 1166 780 1223 leges.
849 1167 1021 1210 Iudices
1046 1167 1093 1209 hi
1105 1200 1120 1219 ‚
1169 1166 1362 1211 Socrate.
1428 1159 1546 1209 Ain’'

153 1244 201 1279 tu
218 1266 231 1288 ‚
273 1234 431 1278 Melite
445 1233 467 1275 ¹?
504 1232 612 1275 hine
638 1241 823 1290 possunt
851 1234 1033 1276 erudire
1055 1243 1100 1276 et
1116 1235 1325 1278 meliores
1344 1233 1534 1278 reddere

152 1301 452 1344 adolescentes
466 1300 487 1342 ?
539 1299 758 1343 Maxime.
815 1300 983 1344 Utrum
1003 1301 1310 1358 unusquisque
1326 1333 1339 1354 ,
1376 1316 1434 1343 an
1455 1300 1541 1343 alii

153 1383 311 1413 eorum
333 1375 539 1426 possunt,
567 1367 644 1410 alii
662 1383 755 1410 non
774 1369 992 1424 possunt?
1031 1368 1362 1426 Unusquisque.
1422 1367 1532 1411 Pul-

152 1436 284 1488 chre,
316 1434 546 1493 Iuppiter,
578 1449 758 1485 narras,
795 1443 839 1477 et
860 1449 1070 1492 magnam
1091 1438 1269 1495 copiam
1290 1436 1531 1479 hominum

148 1503 374 1548 iuventuti
397 1501 588 1547 utilium.
618 1502 726 1560 quid
751 1504 935 1546 autem?
963 1512 1116 1548 utrum
1137 1504 1362 1548 auditores
1385 1504 1432 1546 hi
1451 1518 1528 1545 eos

149 1571 359 1615 meliores
388 1569 610 1622 reddunt,
643 1571 830 1613 annon?
885 1570 1036 1614 Etiam
1063 1571 1128 1614 hi.
1185 1566 1343 1630 Quid?
1371 1578 1529 1614 utrum

148 1637 410 1682 senatores?
459 1637 610 1682 Etiam
627 1646 870 1681 senatores.
929 1639 989 1684 At
1012 1638 1215 1694 forsitan,
1246 1639 1416 1692 Melite,
1446 1637 1526 1695 qui

146 1706 197 1750 in
227 1706 439 1749 concione
467 1714 730 1758 versantur,
767 1706 857 1749 viri
890 1706 1189 1760 concionarii,
1232 1716 1527 1763 corrumpant

145 1775 361 1826 iuvenes3
404 1787 462 1815 an
490 1772 557 1816 illi
579 1788 759 1830 quoque
793 1789 948 1817 omnes
976 1775 1186 1818 meliores
1206 1790 1282 1817 eos
1299 1773 1523 1816 reddunt?

147 1839 296 1885 Etiam
322 1840 405 1883 illi.
461 1842 647 1884 Praeter
675 1856 748 1884 me
765 1841 931 1898 igitur,
964 1849 1181 1898 quantum
1201 1842 1360 1893 video,
1389 1855 1524 1882 nemo

149 1914 215 1949 est
231 1906 601 1958 Atheniensium,
640 1907 751 1964 quin
779 1908 936 1952 reddat
964 1910 1128 1966 probos
1151 1925 1202 1952 ac
1222 1915 1524 1967 praestantes3

149 1988 231 2030 ego
260 1979 410 2015 autem
437 1975 556 2016 solus
589 1989 846 2032 corrumpo.
884 1975 968 2017 ain’
1000 1977 1080 2018 tu?
1138 1977 1205 2019 Ita
1235 1990 1420 2033 prorsus
1438 1973 1522 2015 aio-

146 2035 272 2085 Sane*
294 2053 456 2097 magno
489 2055 562 2082 me
590 2050 754 2083 mactas
772 2041 1036 2084 infortunio.
1073 2042 1164 2084 iam
1183 2057 1294 2084 vero
1312 2039 1425 2084 mihi
1447 2054 1522 2081 re-

144 2107 318 2166 sponde
331 2125 343 2149 :
381 2115 534 2149 utrum
564 2106 698 2149 etiam
727 2106 776 2148 in
798 2107 923 2163 equis
941 2123 1013 2150 res
1033 2109 1095 2152 ita
1113 2121 1206 2150 esse
1225 2107 1304 2152 tibi.
1324 2106 1518 2157 videtur,

144 2183 196 2218 ut
239 2174 316 2232 qui
349 2190 423 2216 eos
451 2172 659 2215 meliores
688 2172 876 2227 faciant,
922 2173 955 2216 ii
996 2178 1085 2220 sint
1110 2190 1264 2218 omnes
1297 2174 1519 2227 homines,

143 2257 347 2299 unusque
375 2242 431 2284 sit
461 2239 641 2297 quidam
673 2241 748 2296 qui
773 2243 1068 2300 corrumpat?
1108 2257 1166 2285 an
1197 2250 1350 2286 contra
1371 2241 1517 2300 plane,

143 2320 194 2354 ut
224 2325 340 2352 unus
371 2308 553 2366 quidam
582 2308 639 2350 sit
668 2307 746 2363 qui
775 2323 846 2350 eos
874 2310 1014 2365 possit
1043 2310 1250 2353 meliores
1272 2309 1420 2352 facere
1441 2317 1518 2352 aut

142 2377 382 2434 perpauci,
416 2375 484 2418 rei
507 2374 720 2433 equestris
739 2374 899 2432 periti,
938 2377 1140 2434 plerique
1160 2385 1334 2430 autem,
1379 2392 1518 2433 quum

143 2457 279 2500 equos
296 2450 490 2486 ‚tractent
512 2452 556 2486 et
576 2443 630 2486 iis
651 2451 856 2495 utantur,
883 2445 1204 2503 corrumpant?
1238 2460 1390 2487 annon
1409 2445 1516 2488 Me·-

140 2510 221 2552 lite
234 2541 247 2562 ,
285 2509 395 2552 haec
412 2511 526 2553 ratio
546 2519 611 2553 est
630 2519 728 2552 tum
747 2510 796 2552 in
814 2511 939 2566 equis
952 2545 964 2562 ,
998 2520 1096 2554 tum
1116 2513 1165 2554 in
1188 2512 1345 2555 ceteris
1365 2511 1516 2553 omni-

142 2577 225 2618 bus
246 2576 542 2619 animantibus
558 2578 578 2618 ‘2
608 2576 879 2629 Cei-tissime,
904 2577 998 2619 sive
1020 2586 1067 2621 tu
1089 2587 1132 2621 et
1147 2580 1318 2635 Anytus
1330 2579 1514 2635 negatis,

143 2644 236 2685 sive
266 2643 393 2695 aitis3
431 2658 590 2699 magua
614 2643 733 2685 enim
755 2660 859 2685 sane
881 2644 1066 2687 felicitas
1086 2646 1171 2688 erit
1189 2646 1236 2687 in
1258 2647 1514 2687 adolescen—

146 2709 279 2760 tibus,
312 2709 349 2751 εἰ
364 2702 478 2751 unus
501 2709 630 2752 modo
654 2725 729 2753 eos
753 2721 1026 2770 corrumpat,
1049 2712 1185 2756 ceteri
1204 2713 1259 2754 iis
1280 2713 1514 2756 utilitatem
