1734 2872
666 132 1155 212 nrvALEs-
1497 159 1591 199 ³7³

210 319 225 324 ῃ
263 316 277 326 ,,
293 274 455 337 stQuae
472 289 614 333 quum
634 273 936 334 respondisset
963 288 1043 331 ego
1062 272 1248 332 cupiens
1266 273 1398 331 plane
1419 271 1591 316 intelli-

205 356 317 399 gere,
333 343 440 399 quid
469 343 660 395 diceret,
677 384 680 389 ,
701 341 901 400 quaesivi
925 356 982 384 ex
1002 357 1054 383 eo
1076 350 1230 385 utrum
1250 340 1390 383 bonos
1410 348 1591 398 putaret

208 406 337 462 utiles
370 425 464 452 esse
491 425 548 456 an
576 409 772 454 inutiles.
809 409 978 452 -Utiles
1008 423 1139 461 sane,
1178 408 1386 461 Socrate,
1425 400 1587 464 inquit.

204 475 282 541 (An
308 476 471 534 igitur,
498 477 536 520 si
558 476 665 520 boni
687 476 818 520 utiles
839 485 942 519 sunt
949 509 964 528 ,
994 476 1126 534 pravi
1144 476 1324 519 inutiles
1339 477 1360 518 ’ἓ
1391 475 1587 518 Conces-

206 542 277 588 sit.
345 543 654 602 Quid‘vero?
698 543 994 604 philosophos
1034 545 1156 586 viros
1184 546 1313 587 utiles
1344 544 1587 598 existimas,

208 614 381 654 necne?
438 611 519 655 Ille
542 613 760 656 concessit
783 614 942 666 utiles,
982 620 1026 654 et
1044 621 1279 670 praeterea
1304 613 1421 656 dixit
1438 628 1484 654 se
1496 611 1592 655 uti-
1639 637 1645 645 ‹

207 677 402 723 lissimos
431 695 507 722 eos
535 695 629 722 esse
667 681 943 726 existimare.
1000 681 1099 737 Age
1121 679 1227 721 dum
1252 694 1590 737 cognoscamus,

210 745 316 805 situ
336 762 445 794 vera
468 746 592 800 dicis,
613 748 798 793 ubinam
820 751 950 793 utiles
971 749 1099 792 nobis
1121 748 1211 791 sint
1227 747 1291 792 illi
1311 763 1592 805 paenesum-

209 813 289 859 mi.
329 823 452 872 patet
490 815 700 859 videlicet
737 832 914 874 quoque
955 832 1114 859 eorum
1149 816 1228 874 qui
1254 823 1372 868 artes
1403 815 1596 858 calleant

209 880 476 924 inferiorem
513 899 607 927 esse
646 885 980 943 philosophum.
1038 883 1281 927 Concessit.
1338 883 1438 940 Age
1468 882 1591 932 dum,

205 948 422 1004 ,inquam3
461 950 499 992 si
532 952 606 995 vel
633 952 731 1010 ipse
758 962 1011 1010 aegrotares
1040 951 1114 994 vel
1147 950 1398 993 amicorum
1429 949 1591 1006 aliquis

211 1023 409 1070 tuorum,
439 1033 572 1082 quem
591 1021 741 1062 valere
764 1036 1038 1078 magnopere
1054 1028 1129 1062 tua
1151 1019 1401 1069 interesset,
1434 1026 1592 1060 utrum

207 1083 508 1132 ,valitudinem
540 1087 696 1130 volens
726 1103 997 1146 recuperare
1026 1102 1170 1146 paene
1196 1100 1427 1129 summum
1460 1084 1593 1128 illum

208 1150 532 1210 philosophum
553 1154 788 1207 induceres
817 1157 865 1199 in
889 1157 1074 1199 domum
1090 1188 1102 1209 ‚
1138 1154 1444 1198 arx-medicum
1463 1151 1594 1194 adhi-

209 1215 375 1262 heres?
433 1219 659 1278 Utrosque
680 1210 912 1278 equidem,
939 1223 1103 1279 inquit.
1159 1223 1230 1266 Ne
1246 1221 1377 1281 mihi,
1407 1220 1593 1276 inquam
1641 1265 1643 1267 ¹

208 1292 424 1342 utrosque
454 1287 548 1337 dic,
578 1289 656 1331 sed
685 1298 839 1332 utrum
863 1291 1014 1348 potius
1037 1305 1087 1331 ac
1105 1290 1250 1346 prius.
1304 1289 1451 1332 Nemo
1471 1302 1592 1339 sane,

208 1349 376 1408 inquit,
419 1353 506 1396 hoc
548 1354 842 1409 dubitaverit,
882 1357 994 1414 quin
1028 1357 1256 1402 medicum
1289 1365 1332 1400 et
1363 1355 1516 1413 potius
1548 1363 1594 1396 et

211 1420 353 1476 prius.
390 1420 514 1480 Quid
532 1438 671 1480 porro
685 1423 706 1466 ’ἓ
728 1424 776 1467 in
801 1425 906 1468 navi
929 1424 1139 1468 fluctibus
1159 1424 1319 1467 iactata
1341 1423 1429 1467 utri
1440 1421 1593 1482 potius

211 1489 513 1533 committeres
533 1497 671 1534 temet
692 1490 845 1549 ipsum
872 1501 915 1536 et
938 1509 1010 1536 res
1031 1500 1158 1544 tuas,
1189 1491 1507 1549 gubernatori,
1535 1504 1593 1532 an

200 1554 514 1615 philosopho?
569 1558 874 1602 Gubernatori
906 1561 1130 1616 equidem.
1185 1559 1348 1601 Nonne
1377 1558 1512 1601 etiam
1542 1557 1593 1599 in

147 1673 151 1678 ³
210 1623 396 1682 reliquis
426 1625 634 1668 omnibus
666 1626 752 1675 ita,
802 1627 1017 1684 quamdiu
1051 1626 1240 1669 exstabit
1265 1624 1450 1683 opifex,
1496 1639 1592 1666 non

212 1692 336 1736 utilis
370 1692 458 1734 erit
478 1693 810 1751 philosophus?
863 1695 1079 1745 Videtur,
1107 1694 1268 1751 inquit.
1324 1693 1448 1749 Ergo
1471 1706 1593 1733 nunc

213 1760 386 1807 inutilis
405 1760 534 1802 nobis
555 1769 619 1803 est
642 1761 964 1820 philosophus3
1003 1771 1180 1806 exstant
1202 1761 1322 1804 enim
1344 1760 1474 1803 nobis
1497 1759 1594 1802 sine

216 1829 354 1871 dubio
399 1827 593 1886 opifices.
651 1830 945 1883 concessimus
990 1845 1101 1872 vero
1143 1829 1286 1871 bonos
1322 1844 1416 1872 esse
1442 1828 1591 1877 utiles,

215 1910 382 1954 pravos
411 1904 558 1960 autem
588 1896 783 1940 inutiles.
842 1898 1094 1954 Cogebatur
1115 1898 1161 1940 id
1189 1896 1410 1940 confiteri.
1469 1893 1592 1953 Quid

214 1964 384 2021 igitur?
407 1963 512 2005 idne
531 1962 647 2019 quod
671 1965 957 2020 consequitur
977 1974 1019 2008 te
1041 1966 1317 2021 interrogem
1333 1964 1353 2005 ‘2
1382 1978 1437 2004 an
1451 1962 1594 2003 rusti-

215 2032 311 2074 cius
343 2039 407 2074 est
434 2028 720 2088 interogare?
775 2032 1009 2089 Interroga
1039 2033 1250 2090 quicquid
1268 2031 1404 2074 lubet.
1466 2028 1593 2072 Nihil

218 2114 348 2153 sane,
375 2099 559 2156 inquam
574 2130 588 2150 ,
620 2098 739 2140 aliud
760 2101 864 2142 volo
885 2099 971 2142 nisi
995 2109 1046 2143 ut
1065 2100 1119 2143 de
1141 2101 1196 2143 iis
1222 2114 1334 2157 quae
1353 2098 1467 2140 dicta
1489 2104 1593 2139 sunt

217 2166 338 2210 inter
361 2182 442 2209 nos
464 2165 713 2209 conveniat.
738 2166 872 2208 habet
893 2182 1002 2209 vero
1022 2183 1094 2210 res
1104 2168 1220 2211 seita
1233 2167 1341 2210 fere.
1371 2163 1596 2207 concessi-'

219 2250 322 2280 mus
343 2234 579 2291 pulchram
608 2248 701 2276 esse
726 2234 1056 2293 philosophiam
1081 2233 1591 2293 nosqueipsosphiloso-

219 2303 333 2360 phos
363 2318 480 2350 csse,
518 2301 658 2344 honos
693 2316 830 2358 porro
855 2303 948 2345 esse
969 2305 1112 2356 utiles,
1131 2304 1362 2362 improbos
1384 2317 1493 2344 vero
1518 2301 1593 2342 iu-

219 2370 366 2413 utiles.
393 2385 547 2412 rursus
571 2377 719 2412 autem
741 2369 1032 2429 philosophos
1044 2372 1356 2422 concessimus,
1379 2369 1593 2427 quamdiu

223 2437 404 2494 opifices
431 2447 600 2489 essent,
635 2438 817 2480 inutiles
846 2454 962 2491 esse,
1021 2439 1203 2498 opifices
1235 2448 1380 2482 autem
1412 2451 1592 2493 semper

226 2518 334 2545 esse.
374 2520 522 2547 nonne
551 2504 636 2550 hoc
672 2507 1007 2550 concessimus?
1060 2507 1176 2550 Sane
1202 2505 1406 2563 quidem,
1432 2503 1593 2560 iuquit.

224 2570 589 2614 concedebamus
621 2573 786 2629 igitur,
825 2583 877 2618 ut
904 2583 1049 2632 patet,
1083 2589 1142 2617 ex
1173 2582 1250 2616 tua
1279 2574 1503 2623 oratioue,
1531 2571 1594 2611 si-

225 2638 409 2695 quidem
437 2638 747 2699 philosophari
777 2649 842 2686 est
870 2644 1037 2686 artium
1067 2642 1282 2686 scientem
1308 2656 1401 2684 esse
1419 2672 1429 2692 ,
1468 2649 1517 2680 ut
1547 2646 1595 2678 tu
