1702 2918
657 124 1012 203 EPil-NOMIS.
1469 169 1527 204 23

147 278 405 348 compositis
433 277 736 335 omnibusque
753 276 916 335 opibus
934 280 980 321 et
997 274 1243 321 honoribus
1262 291 1346 324 eos
1361 284 1526 322 ornans

145 343 284 391 vitam
302 361 427 390 suam
447 355 490 390 n
491 346 678 403 ansigat·

261 413 326 460 Cl.
354 414 588 468 Profecto,
615 414 805 472 hospes,
842 412 1073 471 praeclare
1094 411 1318 469 loqueris,·
1349 414 1526 460 utinam

145 482 269 525 enim
291 482 375 526 tibi
394 481 470 524 hic
493 484 552 525 sit
570 481 722 540 legum
740 481 859 544 finis,
881 489 934 523 ut
953 479 1060 521 deos
1078 474 1280 524 cantibus
1294 481 1444 525 celebr
1445 498 1524 526 ans

142 550 380 609 puriorem
409 550 539 607 degas
567 550 708 594 vitam
737 541 961 607 simulque
982 547 1125 591 finem
1145 560 1380 605 assequare
1402 551 1525 608 opti-

143 633 273 662 mum
288 634 349 662 ac
366 617 751 677 pulcherrimum'

253 688 365 732 Atlz.
404 685 659 745 Quomodo
666 686 837 744 igitur‚·
863 684 1038 736 Clinia,
1068 684 1292 728 dicimus?
1320 700 1377 728 an
1397 687 1525 730 vide-

143 762 220 798 tur
247 755 332 799 tibi
354 770 434 797 nos
457 765 668 812 oportere
688 753 795 796 deos
819 752 1098 796 carminibus
1118 753 1363 796 admodum
1382 753 1530 799 hono-

119 832 121 834 ’
140 837 245 866 lare
277 830 323 867 e't
342 838 399 882 pi
402 822 540 865 ecari.
567 831 619 866 ut
638 821 1019 880 praestantissima
1041 821 1302 879 optimaque
1322 821 1451 863 nobis
1472 823 1542 864 de·

141 890 251 948 ipsis
286 891 571 947 loquentibus
602 891 652 936 in
681 900 883 936 mentem
918 889 1133 933 veniant?
1171 891 1294 934 itane
1327 905 1385 932 an
1413 905 1527 947 quo-

143 959 280 1001 modo
301 959 444 1001 (110ἰεῖ

259 1025 326 1068 CI.
351 1025 532 1070 Mirum
560 1026 755 1083 quidem
770 1027 822 1069 in
850 1024 1040 1068 modum
1067 1024 1156 1076 ita3
1197 1025 1314 1072 iam,
1340 1040 1368 1066 o
1391 1040 1526 1084 prae-

143 1092 436 1143 nantissime,
476 1093 559 1136 diis
592 1093 818 1136 confidens
841 1106 1026 1150 precare
1046 1099 1091 1134 et
1112 1090 1167 1134 de
1189 1092 1401 1150 pulchris?
1414 1108 1528 1149 quae

143 1162 199 1203 de
248 1161 332 1204 diis
361 1160 519 1203 haberi
544 1168 736 1218 possunt
769 1159 1051 1203 orationibus
1083 1174 1186 1204 eam
1215 1175 1384 1218 usurpa
1412 1175 1528 1216 quae

134 1228 224 1286 *tibi
245 1228 295 1271 in
311 1235 512 1271 mentem
531 1227 673 1272 venit.

251 1295 359 1339 Am.
397 1295 465 1337 Ita
496 1294 610 1350 erit,
646 1294 686 1341 si
714 1294 814 1355 ipse
844 1294 976 1339 nobis
1000 1294 1107 1340 deus
1124 1295 1399 1356 praeiverit;
1435 1310 1525 1338 una

141 1379 328 1421 precare
350 1363 497 1407 modo.
1463 1384 1465 1386 -

260 1432 324 1475 CL
379 1433 493 1483 Dic,
533 1445 723 1488 quaeso,
763 1432 871 1476 iam.

248 1499 363 1544 Ath.
390 1500 594 1541 Deorum
613 1499 754 1557 igitur
775 1509 820 1543 et
833 1499 1132 1545 animantium
1143 1499 1523 1559 procreationem3

140 1582 276 1625 quam
288 1567 487 1609 maiores
504 1582 747 1625 perperam
771 1569 1045 1623 effinxerint,
1074 1578 1251 1627 oportet
1272 1584 1345 1612 me
1366 1577 1417 1610 ut
1437 1582 1522 1625 pa-

141 1644 229 1689 tet,
258 1644 360 1679 ante
381 1635 532 1678 omnia
555 1636 716 1678 melius
738 1636 949 1694 effingere
970 1636 1218 1680 secundum
1239 1637 1524 1695 superiorem

141 1702 491 1761 disputationem
505 1734 518 1755 ,
556 1713 840 1763 repetentem
865 1721 999 1763 quam
1022 1705 1235 1748 adversus
1258 1704 1424 1762 impios
1444 1704 1520 1744 in-

139 1770 267 1814 stitui
300 1771 575 1825 orationem,
611 1771 675 1815 ita
709 1783 760 1816 ut
789 1772 936 1815 dicam
958 1788 1051 1815 esse
1079 1772 1531 1830 deos'quiomnium-

141 1853 313 1892 rerum,
339 1854 584 1897 parvarum
607 1849 651 1883 et
669 1841 912 1892 maiorum,
938 1841 1306 1898 procurationem
1329 1839 1521 1881 habeant:

143 1914 188 1948 et
202 1905 300 1948 fere
320 1907 624 1950 inexorabiles
644 1908 693 1951 in
714 1925 788 1951 eos
810 1909 887 1966 qui
906 1908 955 1951 in
966 1908 1214 1951 actionibus
1225 1907 1400 1951 iniustis
1413 1921 1520 1948 ver-

141 1980 323 2026 sentur,
362 1974 580 2031 siquidem
610 1977 903 2031 meministis,
948 1994 975 2020 o
1006 1977 1178 2027 Clinia,
1214 1985 1258 2019 et
1286 1972 1520 2030 accepistis

143 2054 323 2096 quoque
352 2043 712 2087 commentarios.
749 2044 916 2087 etenim
947 2052 1055 2086 tunc
1080 2043 1256 2101 prolata
1276 2040 1519 2083 admodum

141 2122 252 2150 vera
271 2115 410 2149 erant.
435 2106 522 2150 hoc
541 2117 690 2150 autem
714 2124 871 2151 eorum
891 2110 1144 2152 maximum
1162 2117 1270 2162 erat,
1290 2106 1516 2164 antiquio*-

140 2190 242 2218 rem
264 2189 357 2218 esse
380 2175 582 2219 animum
598 2190 788 2234 corpore
799 2183 980 2219 omnem
994 2177 1131 2231 omni,
1156 2175 1481 2219 meministisne
1494 2175 1516 2215 ’Ξ

141 2257 201 2285 an
229 2242 315 2286 hoc
347 2254 470 2288 certe
498 2245 623 2287 omni
651 2243 810 2288 modo:
845 2244 891 2287 id
915 2244 1031 2302 quod
1050 2245 1209 2288 melius
1229 2251 1273 2286 et
1295 2242 1516 2299 antiquius

143 2320 188 2354 et
209 2311 292 2354 deo
313 2311 505 2354 similius
527 2320 660 2365 esset,
687 2311 734 2355 id
758 2312 934 2369 liquere
954 2312 1177 2356 deteriore
1198 2320 1243 2354 et
1262 2310 1517 2354 recentiore

143 2387 188 2422 et
218 2378 560 2423 inhonoratiore
585 2379 665 2422 illa
690 2380 842 2422 omnia
869 2394 963 2423 esse
997 2390 1040 2424 et
1073 2380 1239 2437 ubique
1269 2394 1428 2436 regens
1459 2393 1513 2420 eo

143 2447 264 2502 quod
288 2455 524 2504 regeretur
542 2448 765 2504 antiquius
785 2464 877 2490 esse
897 2447 1152 2505 ducensque
1174 2462 1307 2490 omne
1330 2463 1382 2489 eo
1397 2447 1517 2504 quod

144 2513 418 2558 duceretur?
447 2531 676 2560 sumamus
696 2515 836 2573 igitur
853 2514 956 2570 hoc,
985 2516 1189 2560 animum
1213 2516 1518 2573 antiquiorem

145 2598 239 2625 esse
272 2598 488 2641 corpore3
526 2583 682 2640 quodsi
711 2582 772 2625 sic
799 2582 932 2626 habet
952 2584 1228 2642 principium
1248 2584 1386 2642 primi
1404 2599 1516 2642 pro-

146 2651 284 2694 creati
310 2651 452 2709 liquet
478 2651 576 2699 sere
609 2659 710 2696 ante
742 2652 893 2696 omnia
923 2668 1044 2708 esse3
1077 2661 1121 2696 et
1139 2667 1361 2711 ponamus
1379 2653 1517 2710 igitur
