1696 2898
582 117 1006 180 οιιᾼιιιιιιιιιε.
1384 109 1476 185 405

57 275 62 282 ,Α
104 235 255 292 liquae
281 250 414 279 suum
437 249 654 300 quaeque
674 238 822 302 opus?
855 251 1017 282 annon·
1043 235 1211 280 dudum
1237 238 1481 299 affiimavi-

104 318 207 346 mus
227 292 453 364 εᾶἰειιιίειφ
457 311 632 362 tantum
651 319 747 348 esse
767 313 811 347 et
825 303 1088 349 inscientiae
1097 293 1340 360 scientiam,
1366 309 1476 351 nul-

102 365 191 427 lius
217 383 327 427 vexo
358 350 518 426 alsus?
542 385 698 415 nonne
730 371 825 414 ita?
880 372 1005 415 Patet
1042 387 1162 414 sane.
1227 367 1363 431 Ergo
1385 391 1483 445 non

102 444 168 478 est
187 435 391 480 sanitatis
423 436 591 496 opifex.
662 430 873 482 Minime.
938 437 1065 481 Alius
1095 438 1216 482 enim
1249 439 1356 485 artis
1384 452 1495 508 eiat-

99 501 260 562 sanitas
273 520 289 557 3
317 505 504 548 nonne?
548 497 724 552 Alius..
762 502 922 566 Neque
943 520 1050 563 ergo
1073 503 1287 576 utilitatis,
1309 510 1478 575 amice:

98 569 211 612 alius
233 567 353 614 enim
376 587 496 616 nunc
514 573 623 616 artis
643 571 756 618 hoc
752 589 917 618 munus
935 588 1029 616 esse
1040 571 1287 630 diximus3
1292 572 1471 621 nonne.
1453 544 1483 606 ’ς’

99 635 218 680 Sane
250 638 474 694 quidems
504 640 747 710 Quomodo
779 641 918 701 igitur
946 640 1067 684 utilis
1099 641 1186 684 erit
1215 639 1483 701 tempeian-J

98 705 186 757 tia,
224 721 366 763 quum
395 706 562 750 nullius
596 699 655 751 sit
682 709 886 753 utilitatis
915 702 1108 767 opifex?
1163 706 1296 752 Nullo
1324 713 1477 764 modo,

98 770 310 824 Socrate,
338 781 390 815 ut
406 780 538 832 patet.
593 775 733 821 Vides
755 776 916 834 igitur,
946 775 1113 827 Critia,
1148 786 1270 822 recte
1290 793 1364 822 me
1382 778 1476 824 iam

96 838 274 896 pridem
316 840 519 884 timuisse
563 849 609 885 et
634 843 736 885 iure
763 857 837 886 me
865 838 1040 902 ipsum
1053 842 1325 888 accusavisse
1354 847 1477 903 quod

95 906 212 948 nihil
232 908 327 950 sani
347 907 402 950 de
419 916 595 966 tempsi
598 910 716 953 antia
734 911 1034 968 quaererem?
1062 926 1208 969 neque
1221 912 1340 958 enim
1354 915 1477 972 quod

95 972 455 1030 pulcherrimum
477 977 686 1028 omnium
701 978 983 1022 existimatur
1002 995 1094 1022 esse
1107 1009 1118 1027 ,
1155 978 1202 1021 id
1222 979 1383 1023 nobis
1369 997 1478 1030 inu-‚

95 1037 174 1082 tile
195 1041 341 1084 visum
366 1052 502 1106 esset,
543 1046 580 1088 si
603 1037 711 1103 quid
735 1045 935 1088 valerem
957 1045 1011 1087 ad
1035 1046 1339 1103 quaestionem
1358 1044 1474 1090 bene

94 1103 371 1171 habendamg,
380 1138 383 1144 -
410 1115 531 1174 nunc
552 1113 674 1156 enim
693 1129 880 1176 prorsus
903 1112 1236 1166 succumbimus
1258 1129 1341 1156 nec
1360 1130 1472 1173 pos-

95 1190 251 1232 sumus
282 1171 493 1221 invenire
519 1180 593 1223 cui
614 1181 794 1225 tandem
817 1196 973 1225 rerum
994 1180 1080 1224 hoc
1101 1195 1267 1223 nomen
1291 1189 1473 1239 tempe-

93 1235 266 1285 :tantiae
308 1245 577 1305 imposuerit
625 1247 865 1290 nominum
920 1245 1142 1290 conditor.
1198 1253 1472 1305 quamquam

67 1362 70 1366 ἡ
92 1310 235 1354 multa
255 1313 553 1357 concessimus
579 1329 672 1357 non-
693 1315 877 1358 collecta
898 1329 958 1358 ex
977 1312 1271 1372 disputatione
1303 1322 1470 1359 nostra.

91 1382 198 1421 nam
222 1379 459 1431 *scientiam
478 1380 697 1442 scientiae
733 1397 828 1423 esse
857 1381 1178 1425 concessimus
1230 1399 1323 1426 non
1357 1396 1472 1441 pro-

93 1425 223 1512 Βιιιιιθ
253 1446 447 1490 oratione
479 1443 562 1490 nec
590 1448 839 1492 affiimante
870 1464 969 1493 eam
1005 1449 1121 1492 hanc
1151 1464 1268 1503 esse3
1316 1459 1358 1493 et
1385 1449 1470 1493 hac

91 1503 237 1582 porro
271 1513 457 1558 scientia
498 1516 632 1560 etiam
673 1517 952 1573 reliquaium
999 1492 1287 1568 scientiaium
1328 1515 1479 1575 opeia'

92 1577 300 1637 cognosci
321 1571 635 1634 concessimus,
655 1590 739 1625 nec
761 1583 848 1625 hoc
870 1579 1132 1627 admittente
1151 1579 1468 1657 disputatione,
1472 1642 1475 1648 y

91 1657 143 1691 ut
170 1649 379 1692 videlicet
405 1651 531 1692 nobis
565 1658 822 1707 temperans
855 1650 1089 1691 exsisteret
1117 1650 1259 1690 scic-ns
1282 1664 1333 1690 ea
1355 1649 1477 1706 quae

92 1715 227 1764 sciret
260 1731 307 1757 se
337 1718 453 1759 scire
483 1727 528 1761 et
560 1732 671 1774 quae
702 1716 894 1759 nesciret
924 1730 971 1757 se
997 1714 1182 1756 nescire.
1231 1723 1362 1772 atque
1380 1715 1468 1760 hoc

92 1787 197 1837 sane
230 1781 471 1827 admodum
503 1782 750 1835 liberaliter
782 1783 1076 1826 concessimus
1109 1793 1167 1823 ne
1206 1792 1467 1841 reputantes

93 1848 275 1906 quidem
294 1850 395 1894 fieri
415 1857 509 1895 non'
526 1866 654 1910 posse
672 1857 735 1902 ut,
766 1864 880 1908 quae
903 1850 1000 1907 quis
1021 1848 1146 1891 nullo
1166 1849 1299 1891 modo
1320 1852 1467 1893 nesci-

93 1922 190 1965 ηιξ
226 1927 280 1960 ea
311 1920 402 1962 ullo
431 1920 566 1962 modo
599 1918 759 1972 sciret3
795 1918 963 1960 etenim
998 1931 1103 1959 eum
1130 1916 1245 1959 scire
1270 1917 1326 1958 de
1345 1917 1399 1959 iis
1420 1932 1470 1960 se

60 1980 268 2035 >¹nescire
299 1983 643 2029 dicit‘confe'ssio
663 1993 837 2032 nostraz
866 1997 1160 2041 quamquam,
1188 1991 1236 2025 ut
1257 1983 1475 2037 arbitron

91 2049 207 2092 nihil
238 2040 473 2109 reperituc
499 2053 616 2109 quod
642 2052 780 2109 magis
803 2052 858 2094 sit
882 2059 1037 2094 contra
1061 2051 1298 2093 rationem.
1337 2064 1387 2093 ac
1407 2053 1465 2095 li·-

93 2120 262 2161 cet'nos
281 2128 372 2163 tam
394 2120 544 2164 faciles
571 2119 795 2162 invenerit
816 2118 1037 2175 quaestio,
1067 2132 1161 2159 non
1194 2117 1349 2170 duros,
1390 2119 1467 2160 ni-

91 2183 187 2227 hilo
214 2189 364 2230 tamen
394 2189 534 2244 magis
563 2186 766 2244 reperire
784 2186 944 2243 *potuit
962 2186 1222 2237 veritatem,
1258 2185 1466 2229 weladeo

96 2265 193 2296 eam
214 2254 411 2297 ludibrio
436 2253 594 2297 habuit
613 2262 707 2306 ut‚'
728 2253 848 2310 quod
869 2267 948 2295 nos
985 2250 1150 2295 dudum
1179 2251 1467 2295 concedentes

95 2325 140 2361 et
169 2320 469 2380 confingentes
498 2319 1180 2379 posueramus*tempei·antiam
1219 2333 1334 2370 esse,
1378 2319 1465 2361 hoc

94 2385 357 2431 nobissane
385 2402 517 2446 quam
554 2389 805 2446 petulanter
823 2387 982 2430 inutile
1011 2400 1104 2428 esse
1125 2386 1465 2428 demonstraret.

94 2467 145 2493 ac
163 2469 307 2499 meam
332 2457 511 2513 quidem
534 2459 678 2501 vicem
699 2455 848 2500 minus
871 2453 1014 2507 doleo,
1043 2462 1168 2497 tuam
1199 2460 1359 2506 autem,
1388 2452 1468 2494 in-

137 2523 247 2564 Tom.
281 2526 398 2568 Vm.
576 2553 580 2557 .
789 2551 792 2554 >
1092 2519 1174 2577 Gg
