1734 2872
418 167 853 223 ALCIBIADES·
891 176 1159 221 PRIMUS·
1363 180 1455 216 251

204 299 293 348 ΑΙ.
334 300 490 356 Atque
512 300 668 344 etiam
666 305 902 353 nostrum,
930 295 1136 348 Socrate,
1142 291 1226 342 ab
1236 291 1463 350 Eurysace

100 377 144 412 et
158 358 394 424 Eurysaeis
429 384 454 410 a
479 369 558 411 Iov
546 383 585 408 e
612 365 843 422 repetitur
1312 377 1323 405 ῑ

113 480 118 486 ,
205 435 311 479 So.
333 436 483 491 Atque
501 443 650 484 enam,
683 441 904 484 nostium,
933 446 959 473 o
981 442 1195 487 generose
1219 393 1465 476 Alcibiade,

96 516 123 544 a
137 502 332 558 Daedalo
363 508 406 544 et
428 501 676 544 Daedalum
703 515 731 542 a
749 499 952 544 Vulcano
988 496 1108 541 Iovis
1128 495 1223 538 filio
1241 499 1466 551 repetunt.

95 579 140 613 at
165 551 386 621 veroiilli,
423 568 478 612 ab
499 568 607 626 ipsis
626 563 756 611 initio
780 568 913 608 ducto
927 597 938 618 ‚
977 578 1103 620 reges
1123 570 1228 604 sunt
1245 576 1271 602 a
1288 559 1467 617 regibus

97 638 435 693 οιάιιηᾱίκιιεᾳιυθ
452 635 507 678 ad
527 636 696 687 Iovem,
724 632 886 690 Argivi
900 628 1318 680 etLacedaemonii,
1353 628 1467 669 Per-

63 722 69 725 ·
94 703 175 745 sici
196 717 305 747 vero
318 718 531 762 sempel,
559 703 748 761 saepius
745 715 932 759 quoque
951 697 1161 755 Asiatici,
1200 695 1316 738 sicut
1335 694 1468 737 etiam

95 781 242 825 n-3unc
264 783 375 816 ποθ
386 779 543 814 conua
571 779 615 814 et
644 770 733 830 ipsi
764 769 868 827 priv
871 769 930 811 ati
966 774 1009 808 et
1037 771 1259 822 parentes.
1313 762 1479 818 quodsi.

97 838 243 880 etiam
253 839 584 899 progenitores
626 843 674 880 te
709 844 941 896 oporteret
972 841 1015 876 et
1044 831 1243 891 patiiam
1268 829 1470 887 Eurysa-

101 906 164 948 cis
205 906 456 963 patefacere
504 904 730 949 Salamina
760 904 849 949 vel
877 901 1013 946 Aeaci
1054 900 1184 951 etiam
1227 898 1471 956 superioris

96 972 318 1028 Aeginam
355 972 603 1016 Artoxerxi
629 970 806 1019 Xerxis
845 970 965 1019 filio,
1006 982 1139 1024 quem
1167 966 1310 1017 risum
1345 965 1399 1007 de
1427 974 1471 1008 te

97 1048 229 1096 putas
256 1039 460 1082 futurum
492 1038 618 1080 esse?
663 1045 708 1080 at
730 1036 842 1080 ¹vide
872 1051 931 1078 ne
966 1043 1058 1077 tam
1078 1033 1264 1090 :generis
1294 1033 1470 1089 magni-

96 1106 274 1151 ficentia
302 1122 435 1163 quam
467 1104 728 1148 educatione
758 1102 868 1146 viris
893 1103 982 1144 illis
1017 1101 1224 1143 cedamus
1235 1117 1250 1154 3
1290 1114 1347 1142 an
1377 1115 1471 1142 non

97 1174 358 1231 comperisti
394 1188 525 1230 quam
555 1185 741 1227 magnae
768 1171 858 1212 sint
875 1169 1330 1223 Lacedaemoniorum
1349 1167 1471 1224 regi-

96 1242 179 1283 bus
209 1256 338 1298 opes,
381 1255 573 1297 quorum
612 1238 825 1281 mulieres
867 1237 1047 1295 publice
1075 1236 1386 1279 custodiuntur
1418 1235 1471 1277 ab

96 1307 302 1366 ephoris,
339 1315 416 1359 ut,
436 1305 599 1363 'quoad
635 1305 727 1346 eius
758 1303 859 1346 fieri
891 1303 1055 1360 possit,
1091 1311 1301 1347 caveatur
1328 1316 1386 1345 ne
1411 1317 1470 1345 ex

97 1376 184 1419 alio
231 1386 373 1433 quam·
396 1372 736 1417 Heraclidarum
781 1385 945 1428 genere
976 1385 1062 1412 rex
1089 1369 1205 1413 clam
1233 1369 1472 1413 nascatur?

96 1443 466 1488 Persarumvero
488 1455 574 1483 rex
595 1448 722 1491 tanto,
743 1453 880 1496 opere
904 1437 1109 1486 excellit,
1147 1444 1201 1479 ut
1226 1452 1362 1481 nemo
1395 1453 1473 1480 su-

96 1510 344 1567 spicionem
361 1509 544 1560 habeat,
587 1521 646 1549 ex
672 1507 759 1549 alio
779 1521 934 1563 regem
958 1504 1079 1547 nasci
1102 1519 1235 1561 quam
1259 1519 1318 1547 ex
1339 1504 1470 1562 ipso3

97 1577 390 1635 quamobrem
412 1591 503 1619 non
515 1574 763 1626 custoditur
772 1573 890 1630 regis
904 1587 1024 1615 uxor
1033 1572 1303 1617 nisiametu.
1328 1588 1470 1631 porro

97 1645 274 1702 quando
294 1645 343 1687 in
361 1645 511 1687 lucem
537 1642 689 1686 editus.
703 1649 769 1683 est
789 1655 902 1697 puer
929 1648 1039 1682 natu
1057 1640 1309 1691 maximus,
1347 1640 1472 1682 cuius

98 1721 163 1755 est
189 1711 463 1770 imperium,
493 1709 695 1768 primum
727 1721 880 1749 omnes
912 1707 1033 1750 diem
1053 1706 1220 1752 festum
1245 1708 1473 1752 celebrant

95 1779 147 1822 in
167 1779 321 1822 totain
345 1795 430 1836 qua
447 1793 533 1822 rex
554 1777 812 1829 dominatur
831 1783 952 1817 terra
966 1805 979 1826 ,
1005 1773 1166 1818 deinde
1184 1774 1233 1818 in
1241 1784 1474 1833 posterum

96 1843 213 1888 hanc
230 1847 347 1903 regis
369 1847 487 1889 diem
507 1847 700 1888 natalem
722 1849 817 1888 tota
836 1841 926 1898 agit
945 1850 988 1884 et
1007 1841 1198 1885 celebrat
1224 1843 1356 1897 Asi33
1394 1859 1473 1886 nos

99 1927 211 1954 vero
237 1913 414 1968 quando
449 1912 544 1955 nati
564 1927 743 1962 sumus,
772 1909 1152 1966 quemadmodum
1172 1916 1236 1952 est
1257 1911 1375 1967 apud
1398 1926 1475 1952 co-

101 1980 274 2022 micum
301 1979 506 2035 poetam,
542 1993 599 2020 ne
627 1978 768 2029 vicini
798 1977 978 2034 quidem
1003 1976 1246 2021 admodum
1266 1976 1476 2028 sentiunt,

101 2061 128 2088 ο
152 2044 397 2088 Alcibiade.
440 2043 600 2086 deinde
632 2044 842 2086 educatur
871 2057 987 2098 puer
1019 2057 1110 2083 non
1130 2056 1155 2083 a
1175 2041 1367 2084 muliere
1386 2056 1477 2085 nu-

98 2112 212 2155 trice
229 2112 359 2169 parvi
379 2110 598 2160 facienda,
622 2109 699 2158 sed
720 2108 773 2150 ab
797 2107 1012 2150 eunuchis
1031 2108 1300 2164 quicumque
1317 2109 1477 2151 viden-

98 2188 176 2223 tur
205 2193 363 2221 eorum
383 2193 490 2235 quos
512 2191 597 2219 rex
616 2175 735 2219 circa
753 2190 800 2217 se
815 2174 948 2218 habet
970 2175 1130 2233 optimi
1150 2190 1244 2219 esse
1256 2192 1271 2229 5
1317 2175 1475 2232 quibus

100 2261 238 2303 quum
270 2245 355 2294 alia
383 2243 592 2287 mandata
615 2251 717 2287 sunt
739 2257 849 2299 quae
869 2242 924 2285 ad
946 2243 1080 2300 pueri
1107 2258 1263 2286 recens
1282 2243 1374 2287 nati
1393 2259 1474 2287 cu·-

98 2327 198 2356 ram
237 2319 438 2370 spectant
477 2318 576 2353 tum
614 2325 725 2352 vero
753 2309 838 2352 hoc
865 2318 914 2352 ut
945 2325 1078 2367 quam
1113 2309 1472 2368 pulcherrimum

101 2394 206 2423 eum
226 2378 417 2423 efficiant
436 2379 641 2422 membra
656 2377 787 2436 pueri
806 2376 1040 2421 formando
1066 2386 1110 2421 et
1134 2377 1392 2435 dirigend03
1431 2387 1474 2421 et

101 2444 187 2488 hoc
209 2443 422 2489 facientes
446 2446 494 2487 in
521 2461 681 2502 magno
701 2450 804 2486 sunt
825 2443 1013 2489 honore.
1044 2445 1216 2500 quando
1231 2446 1473 2503 septim-um

104 2527 274 2555 annum
292 2513 595 2570 aguntpueri,'
609 2513 662 2554 ad
678 2526 811 2568 equos
825 2520 865 2554 et
877 2512 1103 2569 equitandi
1117 2512 1347 2570 magistros
1359 2528 1472 2555 ven-

102 2580 234 2622 titant
248 2610 260 2631 ‚
284 2588 328 2621 et
347 2587 559 2623 venatum
581 2580 803 2635 incipiunt
819 2579 902 2622 ire.
928 2579 992 2625 bis
1012 2590 1184 2637 septem
1209 2595 1315 2622 vero
1336 2595 1470 2637 quum

103 2660 242 2689 annos
257 2644 395 2701 'habet
415 2661 530 2704 puer
546 2679 557 2699 ‚
589 2646 834 2704 suscipiunt
855 2662 956 2690 eum
978 2663 1088 2704 quos
1110 2647 1179 2691 illi
1201 2647 1348 2704 regios
1365 2662 1469 2704 pae-
