1702 2918
10 2342 22 2440 μ’,
14 2325 19 2334 .

590 185 961 228 EPINOMIS.
1393 191 1453 230 43

75 299 374 367 intelligamus
391 307 441 350 in
461 303 698 364 disciplina
709 316 764 346 an
777 303 828 347 in
839 311 953 354 arte,
967 302 1098 347 cuius
1111 303 1370 362 cognitione
1381 303 1395 346 i
1401 319 1457 346 n·-

76 380 273 436 digentes
291 375 512 419 iustorum
537 373 683 431 ignari
702 372 858 415 simus.
879 370 1085 430 profecto
1103 371 1218 415 mihi
1227 372 1313 417 hoc
1322 373 1456 417 vide-

73 455 161 495 tur,
186 452 231 488 et
242 443 477 486 dicendum
494 460 504 483 ε
525 440 734 484 omnibus
745 439 866 483 enim
887 437 1030 482 modis
1043 437 1454 498 mihivinvestiganti

75 511 299 570 quomodo
327 525 376 553 se
404 509 581 568 aperuit
607 509 669 551 ita
687 508 815 551 vobis
834 522 933 552 eam
950 506 1153 550 vconabor
1173 508 1455 552 manifestam

71 578 272 623 reddere.
298 578 498 620 maxima
515 575 722 620 videlicet
742 575 921 619 virtutis
939 590 1044 633 pars
1053 574 1171 618 haud
1183 583 1304 618 recte
1316 592 1455 633 quum

71 654 367 705 perageretur
377 659 508 687 causa
520 653 613 687 erat
622 643 915 701 ignorantiae,
926 652 977 686 ut
989 659 1013 686 e
1027 643 1165 687 modo
1178 641 1308 686 dictis
1322 645 1457 701 plane

72 713 187 757 mihi
210 714 391 756 videtur
410 711 700 772 perspicuum
711 727 831 769 esse3
861 726 996 755 nemo
1009 711 1130 754 enim
1144 725 1360 768 umquam
1373 727 1458 754 no·-

72 781 141 824 bis
151 780 417 840 persuadeat
427 780 570 822 maius
580 779 690 836 quid
701 794 796 821 esse
805 779 984 824 mortali
994 778 1150 837 generi
1162 793 1294 836 quam
1308 779 1457 837 pieta-

69 858 163 893 tem
177 866 190 902 ς
208 849 510 907 ignorantiam
529 863 638 892 vero
661 847 910 903 maximam
925 863 1019 890 esse
1030 861 1210 891 causam
1221 846 1363 890 curin
1373 862 1459 906 op-

70 915 192 960 timis
213 916 383 959 naturis
405 931 495 958 non
507 915 705 966 exsistat,
728 915 1068 973 exponendum,
1094 911 1455 974 optimaeautem

71 992 175 1026 sunt
189 997 302 1041 quae
314 982 576 1026 difficillime
587 983 823 1036 exsistunt,
835 985 1083 1027 maximam
1094 998 1205 1027 vero
1218 983 1459 1026 utilitatem

72 1050 263 1103 habent,
302 1050 341 1094 si
374 1050 623 1104 exsistunt3
655 1046 801 1094 facilis
829 1059 895 1095 est
915 1051 1038 1095 enim
1059 1051 1237 1094 animus
1263 1050 1341 1108 qui
1362 1058 1460 1093 tar-

75 1119 180 1162 dam
211 1127 256 1162 et
296 1117 565 1161 contrariam
589 1126 796 1161 naturam
814 1118 931 1161 bene
964 1126 1008 1161 et
1026 1126 1259 1162 mansuete
1291 1117 1459 1162 admit-

73 1187 153 1240 tit,
181 1185 497 1242 fortitudinem
517 1184 792 1237 admiratur,
826 1187 1153 1243 temperantiae
1175 1186 1457 1245 abtomperat

73 1261 142 1304 et,
181 1253 300 1309 quod
327 1252 583 1296 maximum
609 1259 676 1295 est
694 1253 745 1295 in
765 1253 836 1295 his
855 1253 1053 1304 naturis,
1094 1253 1267 1297 discere
1287 1262 1451 1313 potest,

31 1317 33 1322 ’
72 1320 342 1363 memoriam
361 1319 495 1362 habet
511 1318 671 1375 hisque
687 1318 798 1377 ipsis
818 1334 1092 1379 magnopere
1109 1321 1286 1380 gaudet,
1311 1338 1459 1381 prop-

73 1395 197 1431 terea
230 1387 349 1445 quod
369 1387 619 1431 doctrinam
644 1388 840 1445 appetit,
880 1388 998 1431 haec.
1011 1389 1135 1436 enim
1156 1405 1305 1448 neque
1326 1390 1458 1434 facile

73 1463 319 1499 nascuntur
338 1463 407 1508 et,
448 1455 486 1498 si
510 1463 773 1508 nascantur,
807 1456 1123 1501 educationem
1142 1466 1186 1502 et
1204 1458 1457 1503 institutio-

74 1537 180 1566 nem
208 1532 338 1565 nacta
357 1524 701 1567 convenientem
722 1525 944 1581 plurimos
959 1557 972 1577 ‚
1004 1541 1170 1584 eosque
1191 1527 1456 1580 deteriores,

73 1589 321 1632 rectissime
350 1591 584 1650 potuerint
617 1591 849 1635 continere
876 1593 1109 1636 sentiendo
1136 1605 1182 1639 et
1210 1595 1380 1652 agendo
1413 1603 1456 1640 et

30 1701 42 1713 x
76 1657 264 1700 dicendo
296 1658 352 1700 de
385 1658 493 1712 diis,
530 1660 757 1717 quomodo
788 1668 832 1704 et
854 1661 1030 1717 quando
1052 1671 1280 1721 oporteat,
1319 1664 1384 1706 ita
1406 1672 1458 1709 ut

74 1725 123 1769 in
153 1725 380 1769 sacrificiis
418 1735 462 1770 et
483 1728 820 1785 expiationibus
844 1730 1066 1773 scelerum
1086 1733 1157 1775 vel
1179 1731 1229 1776 in
1254 1732 1358 1775 deos
1382 1732 1456 1781 vel

74 1793 125 1835 in
151 1792 359 1837 homines
394 1796 742 1839 commissorum
769 1811 864 1839 non
894 1798 1044 1856 specie
1073 1807 1259 1844 utantur
1284 1799 1454 1854 dolosa,
1487 1821 1499 1826 ·

77 1859 153 1902 sed
184 1875 343 1904 verum
363 1860 543 1906 virtutis
573 1878 684 1921 prae
716 1878 762 1906 se
783 1863 930 1908 ferant
949 1866 1175 1921 studium3
1209 1868 1328 1925 quod
1350 1869 1457 1926 qui-

80 1927 181 1970 dem
206 1928 411 1971 omnium
430 1930 683 1976 maximum
703 1940 771 1976 est
790 1931 953 1991 cuique
972 1935 1156 1978 civitati.
1183 1935 1300 1979 hanc
1314 1937 1456 1994 igitur

77 1993 256 2037 virtutis
283 2002 459 2052 partem
490 1998 680 2042 dicimus
710 2015 793 2057 per
823 2016 870 2044 se
901 2003 1328 2059 praestantissimam
1361 2019 1456 2046 esse

80 2076 268 2118 eamque
307 2077 440 2119 quam
480 2064 791 2122 pulcherrime
823 2076 866 2110 et
902 2069 1073 2125 optime
1102 2085 1235 2128 posse
1268 2071 1457 2123 discere,

83 2130 121 2172 si
147 2129 245 2185 quis
265 2128 442 2183 doceat3
475 2130 552 2173 sed
576 2132 807 2178 neminem
827 2147 921 2177 esse
943 2135 1212 2188 docturum,
1238 2137 1327 2182 nisi
1347 2137 1456 2182 deus

78 2196 350 2257 praeiverit3
390 2197 550 2254 quodsi
578 2200 677 2256 quis
708 2199 890 2255 doceat,
937 2217 1029 2244 non
1055 2211 1179 2247 recte
1200 2214 1350 2249 autem
1369 2205 1456 2248 hoo

79 2263 308 2317 instituat,
336 2265 498 2310 melius
518 2281 612 2308 esse
631 2283 723 2311 non
744 2267 927 2313 discere.
962 2278 1157 2314 attamen
1177 2287 1236 2316 ex
1259 2273 1324 2316 eis
1342 2287 1458 2331 quae

81 2347 205 2374 nunc
239 2332 439 2376 diximus
465 2335 662 2392 optimae
692 2335 761 2379 illi
787 2342 975 2379 naturae
994 2337 1102 2381 haec
1122 2339 1330 2384 discenda
1354 2350 1457 2387 sunt

82 2399 286 2456 mihique
323 2400 521 2447 dicenda.
567 2418 782 2446 conemur
818 2403 956 2462 igitur
995 2407 1200 2450 oratione
1227 2423 1459 2467 exponere

84 2482 302 2522 quaenam
323 2478 366 2513 et
385 2469 532 2525 qualia
553 2477 598 2512 et
618 2470 839 2527 quomodo
858 2473 1064 2517 discenda
1081 2474 1196 2528 sint,
1232 2491 1320 2535 pro
1343 2477 1457 2520 viri-

85 2534 168 2576 bus
196 2535 309 2577 meis
338 2534 534 2581 dicendis
563 2545 608 2579 et
640 2554 798 2581 eorum
826 2540 904 2596 qui
933 2540 1090 2584 audire
1117 2545 1351 2601 potuerint
1366 2561 1456 2602 quo

85 2610 215 2659 pacto
244 2602 402 2659 aliquis
422 2619 492 2647 res
518 2605 572 2648 ad
593 2606 782 2650 deorum
805 2610 973 2652 cultum
993 2617 1239 2667 spectantes
1259 2627 1452 2671 percep·-
