1734 2872
378 163 1130 211 APOLOGIASOCRATIS.
1357 178 1449 214 153

87 289 356 336 reddendam
380 289 499 334 vitae
517 279 1049 344 rationemdefugeretis3
1068 287 1145 332 sed
1160 296 1313 332 contra
1324 288 1458 346 plane

86 359 211 404 vobis
238 356 440 410 eveniet,
474 366 523 400 ut
543 372 624 414 ego
644 356 758 399 dico.
794 355 947 412 plures
971 364 1103 399 erunt
1123 356 1253 399 vobis
1275 358 1460 414 castiga-

85 438 230 478 tores,
268 441 378 483 quos
408 423 554 467 adhuc
586 439 667 481 ego
698 422 989 475 cohibebam,
1027 438 1107 465 vos
1135 433 1283 467 autem
1306 424 1352 466 id
1372 439 1464 467 non

86 494 366 546 sentiebat183
405 500 624 548 eruntque
646 491 715 534 illi
733 490 964 548 graviores
979 521 991 541 ‚
1031 504 1121 546 quo
1140 491 1465 536 adolescentio-

87 578 161 606 res
189 571 317 613 sunt,
359 566 402 602 ct
431 567 624 601 vestram
659 558 801 616 magis
830 557 1076 600 movebunt
1095 557 1467 615 indignationem.

90 630 127 672 si
151 645 258 672 vero
281 618 469 687 putatis,
502 625 755 670 occidendis
775 625 1032 668 hominibus
1060 625 1368 683 prohibituros
1390 644 1469 671 vos

93 712 187 739 esse
217 712 273 739 ne
302 695 397 753 quis
428 694 555 737 vobis
575 695 714 737 vitam
734 695 981 752 exprobret
1000 708 1165 751 parum
1188 692 1374 737 honeste
1393 712 1469 738 ac·-

91 772 208 815 tam,
245 763 364 807 haud
393 769 515 806 recte
544 761 776 816 iudicati33
810 761 919 807 haec
946 767 1012 803 est
1036 761 1158 803 enim
1179 776 1394 804 censurae
1413 764 1474 805 li·-

91 830 264 874 beratio
300 829 445 886 neque
480 844 531 872 ea
563 845 675 886 quae
705 829 803 872 fieri
830 828 971 887 possit
989 844 1136 886 neque
1154 828 1366 882 honesta,
1396 830 1473 872 sed

92 897 203 940 haec
222 909 266 942 et
287 896 594 956 pulcherrima
617 908 661 942 et
678 897 892 941 facillima
912 907 991 948 est,
1016 913 1108 940 non
1126 896 1379 955 reprimere
1400 912 1478 939 ce-

94 972 240 1015 teros,
279 964 355 1007 sed
382 979 513 1006 suum
544 965 686 1022 ipsius
715 965 917 1009 animum
950 965 1013 1007 sic
1034 979 1306 1021 componere
1327 973 1380 1008 ut
1401 964 1480 1008 fiat

98 1046 235 1089 quam
256 1031 463 1089 optimus.
492 1032 556 1074 ita
582 1031 692 1075 haec
713 1031 839 1076 vobis
860 1031 939 1089 qui
958 1046 1032 1075 me
1052 1031 1377 1076 condemnastis
1398 1047 1482 1075 va-

98 1099 308 1143 sseinatus
338 1099 527 1142 discedo.

212 1166 328 1209 Cum
358 1165 428 1207 his
463 1182 572 1209 vero
601 1167 679 1224 qui
707 1181 781 1209 me
812 1166 1102 1210 absolverunt
1125 1166 1320 1210 libenter
1339 1166 1482 1208 collo-

102 1247 214 1289 quar
244 1233 298 1274 de
328 1233 411 1284 iis,
446 1248 559 1290 quae
594 1234 730 1276 modo
750 1233 861 1276 facta
887 1239 1014 1286 sunt,
1049 1233 1235 1277 interim
1255 1233 1362 1276 dum
1385 1249 1486 1276 ma-

101 1297 308 1358 gistratus
348 1316 444 1343 suas
469 1317 543 1344 res
567 1309 706 1359 agunt
734 1315 906 1358 egoque
935 1299 1139 1342 nondum
1170 1300 1368 1343 abducor
1396 1317 1486 1358 quo

105 1368 440 1412 abductum‘me
461 1369 579 1412 mori
598 1376 788 1427 oportet.
815 1368 965 1424 itaque
984 1367 1099 1413 mihi
1120 1378 1322 1422 manete,
1347 1370 1485 1418 cives,

104 1445 276 1480 tantum
309 1438 552 1495 temporis;
594 1437 712 1480 nihil
744 1436 869 1480 enim
899 1436 1042 1480 obstat
1075 1451 1163 1494 quo
1182 1437 1335 1487 minus
1368 1438 1489 1481 inter

105 1519 189 1549 nos
218 1503 584 1556 confabulemur,
630 1506 774 1562 quoad
805 1505 926 1549 licet.
970 1519 1076 1550 nam
1103 1505 1232 1548 vobis
1259 1503 1490 1563 tamquam

107 1573 261 1616 amicis
282 1572 515 1617 ostendere
539 1573 666 1625 volo,
708 1573 816 1630 quid
837 1571 1089 1630 significent
1109 1571 1218 1615 haec
1238 1588 1352 1629 quae
1376 1573 1491 1620 mihi

107 1655 230 1685 nunc
256 1656 342 1685 usu
369 1649 602 1684 venerunt.
635 1641 803 1684 etenim
831 1639 970 1692 mihi,
1007 1639 1176 1687 iudices
1199 1641 1390 1699 (quippe
1410 1658 1491 1687 vos

107 1708 310 1753 iudicum
337 1709 523 1752 nomine
557 1718 680 1753 recte
701 1706 1012 1766 appellarim),
1053 1707 1258 1750 mirabile
1281 1710 1494 1768 quiddam

112 1778 275 1823 evenit.
303 1793 410 1820 nam
432 1785 642 1821 consueta
663 1775 778 1818 mihi
801 1775 952 1818 divina
975 1775 1051 1819 illa
1061 1777 1331 1834 praesagitio
1342 1779 1497 1836 priore

115 1843 298 1901 quidem
328 1851 533 1902 tempore
553 1859 781 1903 ‘perquam
808 1842 1021 1900 frequens
1044 1859 1226 1902 semper
1246 1853 1341 1888 erat
1363 1856 1406 1890 et
1429 1846 1499 1888 le-

115 1912 247 1954 vibus
267 1911 314 1953 in
335 1911 475 1956 causis
497 1911 836 1965 adversabatur,
871 1912 948 1954 ubi
972 1911 1079 1969 quid
1103 1927 1196 1954 non
1217 1912 1333 1954 bene
1353 1913 1499 1955 factu-

117 1995 197 2022 rus
233 1993 398 2031 essem3
434 1992 554 2019 nunc
584 1986 759 2031 autem,
810 1987 862 2020 ut
888 1979 976 2035 ipsi
1006 1978 1192 2031 videtis,
1223 1979 1310 2021 hoc
1340 1979 1501 2022 accidit

118 2046 260 2099 mihi,
302 2044 424 2102 quod
453 2059 558 2087 sane
588 2044 686 2100 quis
708 2051 837 2100 putet
857 2058 907 2085 ac
927 2059 1036 2086 vere
1061 2053 1326 2088 numeratur
1349 2055 1519 2089 extre-'

119 2129 250 2158 :mum
272 2113 523 2165 malorum3
551 2111 628 2153 sed
652 2109 767 2155 mihi
786 2125 932 2166 neque
952 2125 1084 2154 mane
1105 2111 1237 2156 domo
1256 2113 1504 2170 egredienti

122 2181 404 2225 adversatum
424 2188 489 2222 est
512 2179 691 2235 signum
713 2177 810 2231 dei,
846 2192 992 2235 neque
1016 2193 1155 2235 quum
1177 2179 1267 2227 huc
1292 2181 1505 2225 ascende-

121 2265 224 2298 rem
259 2249 310 2294 in
340 2247 583 2298 iudicium,
637 2260 783 2302 neque
812 2244 860 2288 in
892 2245 979 2287 ulla
1016 2247 1238 2290 sermonis
1268 2257 1420 2307 parte,
1465 2250 1505 2292 si

127 2316 232 2372 quid
270 2315 419 2358 dicere
461 2314 651 2367 vellem3
704 2327 972 2370 quamquam
1011 2314 1060 2356 in
1092 2315 1191 2359 aliis
1223 2317 1506 2361 sermonibus

127 2382 338 2441 plurimis
361 2381 472 2424 locis
494 2381 688 2425 mediam
700 2380 1075 2425 mihiorationem
1087 2383 1333 2442 interrupit
1346 2402 1359 2438 3
1384 2401 1506 2429 nunc

130 2458 277 2494 autem
304 2442 525 2506 nusquam
561 2449 607 2491 in
629 2448 764 2497 huius
786 2449 873 2491 diei
897 2450 1068 2495 actione
1088 2451 1203 2494 mihi
1221 2467 1304 2495 nec
1323 2453 1510 2499 facienti

134 2517 372 2575 ,quicquam
402 2531 484 2562 nec
515 2516 679 2558 dicenti
715 2515 996 2563 adversatum
1028 2528 1106 2562 est.
1144 2520 1267 2569 cuius
1285 2521 1354 2562 rei
1373 2536 1509 2577 quam

134 2599 308 2626 causam
330 2598 422 2625 esse
441 2583 634 2626 arbitror
648 2584 669 2625 ’ἓ
699 2598 780 2640 ego
802 2584 945 2626 dicam
969 2586 1117 2640 vobis3
1145 2587 1311 2630 etenim
1331 2589 1511 2632 videtur

135 2651 184 2698 id
207 2651 326 2709 quod
350 2650 464 2694 mihi
483 2651 640 2693 accidit
662 2651 831 2700 bonum
854 2667 970 2706 esse3
1012 2670 1060 2700 ac
1084 2670 1366 2713 nequaquam
1389 2665 1511 2699 recte
