1696 2898
548 196 581 236 c
602 164 930 240 „IIA'RMssl'D'E
942 183 980 232 s.
1361 199 1385 235 4
1397 200 1418 236 2
1430 200 1453 237 5

930 295 933 297 .
1074 291 1079 296 .
1263 279 1294 304 42.
1381 284 1385 298 t
1472 296 1477 301 ,

183 310 333 371 'Quae
352 309 502 369 quum
534 310 695 354 Critias
728 311 753 351 a
776 309 867 352 ‘me'
883 308 1055 352 dicente
1074 302 1335 367 audivisset,
1363 308 1458 355 Lu'-

85 395 189 431 cro,
207 378 378 435 inquit,
407 379 613 431 Socrate,
643 378 798 435 capitis
823 373 1010 419 morbus
1033 376 1309 429 eritiux'r'e'ni,
1331 374 1459 420 sico-

84 443 214 504 getu'r
236 445 370 487 etiam
390 445 443 487 ad
465 454 661 489 mentem
683 462 764 503 per
787 453 919 503 caput
940 443 1103 485 melior
1128 443 1339 486 evadere:
1361 443 1458 485 dico

81 516 227 569 autem
253 511 539 556 Charmidem
573 514 831 569 aequalibus
870 527 962 554 non
996 509 1130 554 modo
1151 512 1298 567 specie
1315 509 1461 553 videri

83 581 331 632 excellere,
369 594 528 622 verum
564 581 699 623 etiam
727 580 810 622 hoc.
831 580 955 638 ipse,
993 579 1065 620 cui
1087 585 1134 619 tu
1158 578 1266 620 dicis
1289 586 1331 620 te
1356 589 1461 619 can-·

21 645 24 653 ’
81 647 252 706 tionem
278 640 487 701 'habere3
539 647 646 690 dicis
692 647 859 691 autem'
880 644 1227 703 temperantiae3
1271 645 1460 687 nonne?

82 716 200 759 Sane
224 714 418 771 quidem,
447 714 643 771 inquam.
699 716 845 758 Probe
867 715 1005 771 igitur
1027 712 1151 763 scito,
1175 712 1336 769 inquit,
1361 714 1460 755 lon-

82 799 136 840 ge
166 798 268 826 eum
301 781 442 824 videri
474 783 926 840 temperantissimum
952 795 1044 823 esse
1064 794 1217 822 eorum
1243 779 1319 836 qui
1342 795 1460 821 nunc

82 857 209 901 sunt,
249 863 331 891 nec
365 849 547 906 reliquis
581 846 820 906 nomnibus,
859 848 1000 906 quoad
1040 856 1179 890 aetate
1200 862 1460 904 progressus

84 926 160 966 est,
188 917 270 959 ulli
292 916 463 959 cedere.
519 917 665 973 Atque
686 918 836 968 etiam,
868 915 1071 972 inquam,
1102 930 1186 972 par
1210 915 1288 966 est,
1312 914 1458 969 Char-

83 985 229 1034 mide,
269 992 318 1026 te‘
342 982 563 1025 excellere
589 984 707 1026 inter
737 991 908 1025 ceteros
938 983 1009 1024 his
1045 981 1276 1033 omnibus-3
1314 994 1461 1038 neque

85 1050 209 1093 enirn
241 1050 437 1092 arbitror
469 1053 737 1107 quemquam
769 1051 908 1092 alium
937 1064 1093 1092 eorum
1113 1048 1189 1105 qui
1209 1048 1282 1090 hic
1299 1049 1462 1091 vivunt

85 1119 218 1162 facile
251 1131 381 1176 posse
409 1117 642 1159 ostendere
662 1118 769 1159 duas
788 1126 939 1174 gentes
961 1115 1255 1160 Athenienses
1276 1117 1395 1159 inter
1414 1131 1461 1158 se

24 1192 28 1197 ’
88 1185 347 1227 coniunctas
366 1197 390 1224 a
413 1184 572 1240 quibus
593 1184 827 1242 pulchrior
850 1199 898 1226 ac
921 1184 1082 1226 melior
1095 1184 1462 1241 exspectaripos-

2 1251 7 1260 ¹
83 1252 139 1295 sit
171 1253 320 1309 proles
334 1263 350 1301 ‚‘
392 1265 525 1307 quam
558 1253 668 1294 istae
698 1259 802 1293 sunt
834 1251 952 1292 unde
981 1258 1031 1293 tu
1052 1265 1097 1292 es
1120 1251 1349 1293 oriundus.
1379 1264 1462 1307 pa-

81 1327 210 1362 terna
240 1318 361 1359 en'im
397 1319 546 1361 vestra
578 1319 759 1367 domm,
795 1317 978 1360 ⁴Critiae
1011 1317 1367 1376 Dropidis‘filii‚
1405 1317 1459 1359 ab

83 1386 376 1430 Anacreonte·
399 1393 442 1426 et
464 1385 630 1428 Solone
661 1379 846 1440 aliisque
866 1383 1071 1442 pluribus
1092 1384 1236 1441 poetis
1253 1384 1460 1428 laudibus

85 1462 240 1496 ornata
265 1451 396 1494 'nobis
427 1453 587 1495 tradita
621 1459 683 1493 est
700 1460 934 1508 tamquam
952 1452 1460 1510 p1*aestans‘'⁷pulchritu-

86 1521 189 1563 dine
215 1529 258 1563 et
278 1519 442 1563 virtute
465 1527 508 1561 et
527 1518 711 1574 reliquis
735 1534 846 1575 quae
868 1519 1078 1562 dicuntur
1095 1519 1238 1571 bonis,
1261 1520 1459 1576 itemque

84 1597 314 1640 materna3
342 1586 600 1642 Pyrilampe
623 1586 741 1643 enim
758 1617 769 1636 ,
799 1587 1020 1643 avunculo
1041 1595 1115 1629 tuo
1129 1618 1141 1639 ,
1175 1588 1324 1630 nullus
1346 1587 1461 1630 dici-

85 1665 162 1699 tur
193 1653 430 1712 pulchrior
456 1668 504 1693 ac
527 1652 674 1694 maior
697 1650 769 1692 vir
789 1652 910 1694 visus
935 1667 1053 1705 esse,
1101 1653 1273 1709 quoties
1292 1654 1370 1696 ille
1389 1655 1461 1698 vel

87 1723 141 1765 ad
173 1734 387 1777 magnum
418 1734 567 1775 regem
604 1719 675 1760 vel
707 1718 759 1759 ad
784 1718 919 1761 alium
939 1733 1073 1775 quem
1095 1719 1143 1761 in
1163 1719 1268 1762 Asia
1291 1720 1460 1777 legatus

86 1789 227 1833 fuerit
246 1784 493 1845 profectus.
525 1794 567 1828 et
583 1785 792 1827 universa
802 1784 909 1826 haec
921 1801 1027 1843 gens
1041 1787 1167 1828 alteri
1180 1794 1462 1844 nequaquam

89 1855 221 1897 cedit0
261 1854 314 1895 ab
344 1853 414 1894 his
445 1853 584 1910 igitur
616 1861 659 1895 te
692 1851 936 1895 oriundum
969 1868 1051 1910 par
1078 1863 1143 1897 est
1171 1853 1219 1896 in
1242 1856 1459 1898 omnibus

88 1923 290 1981 primum
321 1934 425 1961 esse.
459 1920 550 1961 iam
581 1918 697 1975 quod
715 1920 779 1960 ἀι]
812 1919 1003 1976 speciem
1025 1920 1178 1963 attinet
1200 1934 1330 1976 quam
1350 1937 1460 1964 con-

90 1988 332 2047 spicimus,
371 2001 396 2026 o
430 2001 530 2028 care
560 1985 626 2028 fili
646 1985 910 2036 mamonis,
949 1987 1114 2029 videris
1148 1987 1260 2030 mihi
1284 1989 1460 2031 nullum

91 2056 317 2100 maiorum
349 2052 636 2103 dedecorare;
674 2053 711 2094 si
743 2061 855 2094 'vero
885 2053 1017 2096 etiam
1047 2055 1102 2096 ad
1120 2057 1459 2112 temperantiam

92 2139 144 2165 ac
167 2122 337 2178 reliqna
351 2152 365 2170 ‚
396 2127 443 2162 ut
465 2120 538 2161 hio
559 2119 688 2171 dicit,
723 2120 824 2162 satis
846 2121 985 2162 bonus
1009 2135 1054 2162 es
1075 2130 1254 2173 natura,
1273 2119 1459 2166 'beatum

91 2199 161 2242 te,
196 2189 409 2244 inquam,
449 2186 606 2229 dilecte
627 2185 888 2239 Charmide,
917 2197 1061 2232 mater
1078 2190 1247 2244 genuit.
1286 2205 1357 2233 res
1379 2205 1458 2233 au-

93 2266 183 2300 tem
205 2267 250 2298 se
271 2255 333 2296 sic
352 2253 511 2295 habet:
544 2254 580 2296 si
603 2254 681 2296 tibi
704 2254 791 2296 iam
813 2254 948 2308 inest,
989 2264 1040 2298 ut
1062 2256 1167 2298 dicit
1189 2257 1347 2300 Critias
1370 2257 1458 2311 hio,

93 2322 387 2380 temperantia
409 2319 599 2376 satisque
621 2336 665 2362 es
683 2330 960 2379 temperans,
998 2322 1111 2364 nihil
1134 2323 1212 2365 tibi
1237 2324 1322 2368 iam
1346 2341 1458 2382 opus

100 2398 164 2431 est
185 2404 329 2445 neque
355 2386 633 2429 zamolxidis
656 2403 800 2444 neque
819 2388 1026 2431 Abaridis
1047 2389 1325 2447 Hyperborei
1348 2407 1458 2434 can-

98 2455 319 2506 tionibus,
356 2455 439 2496 sed·
454 2455 598 2511 ipsum
615 2455 699 2497 -tibi
722 2455 813 2497 iam·
830 2457 1135 2514 praebendum
1158 2457 1241 2501 erit
1259 2459 1311 2502 ad
1334 2460 1458 2516 oapi-

99 2522 154 2565 tis
173 2522 434 2577 gravitatem
456 2522 703 2564 remedium
717 2539 729 2563 ε
771 2522 839 2565 siu
870 2531 1014 2566 autem
1044 2524 1112 2566 his
1133 2524 1273 2568 adhuc
1292 2526 1458 2567 videris

97 2588 322 2646 indigere,
383 2588 527 2631 cantio
572 2595 637 2629 est
673 2589 918 2632 adhibenda
944 2599 1178 2648 antequam
1207 2593 1456 2635 remedium
