1696 2898
585 103 811 147 nxvaj
844 103 903 143 s.·,
1252 158 1254 163 s
1329 110 1421 149 557

95 207 98 210 .
1043 199 1048 213 ‚

54 225 226 271 amat?
250 222 410 280 Mihi,
438 221 619 280 inquit,
649 220 856 274 :videtur-
922 219 1046 280 Quid
1071 221 1238 266 faeno?
1272 237 1428 269 nonne

52 294 153 338 fieri
184 301 327 352 potest
360 300 410 335 ut
442 303 593 334 amans
618 305 708 332 non
721 288 927 332 'vicissim
947 289 1196 334 ameum-'ab
1219 306 1428 348 emquem

54 362 204 405 amet?
258 361 409 403 Potest
426 373 530 401 sane
557 357 670 402 fieri.
715 356 873 414 Quid?
893 371 948 398 an
968 356 1068 399 fieri
1089 372 1266 414 quoque
1283 366 1433 416 potest

54 427 226 471 modio
250 426 307 469 sit
338 426 519 469 amans?
561 425 679 481 quod
710 425 890 482 quidem
922 435 1262 482 nonnumquam
1294 428 1436 470 etiam·-

55 493 327 539 amatoribus
349 509 436 536 usu
454 492 602 534 venit:
630 498 828 536 amantes
847 492 1057 535 videlicet
1071 507 1204 550 quam
1230 495 1431 538 maxime

51 570 238 621 possunt
273 561 350 605 alii
385 560 656 603 arbitrantur
696 575 864 602 se-non
905 560 1099 605 vicissim
1130 562 1300 614 amari,
1354 563 1432 606 alii

54 632 187 674 etiam
221 629 324 671 odio
357 642 404 670 se
445 643 552 669 esse.
591 634 762 682 annon
784 642 945 670 verum
976 628 1156 671 videtur
1188 630 1271 673 tibi
1307 628 1430 674 hoc?

52 697 334 747 Admodum,
356 694 517 751 inquit,
547 710 724 738 verum.
779 695 943 739 Nonne
961 705 1082 748 tunc,
1100 696 1297 754 inquam,
1318 699 1432 742 alter

55 775 196 818 amat,
229 764 342 808 alter
372 762 577 804 amatur?
623 763 797 821 Etiam.
855 763 970 806 Uter
992 763 1132 821 igitur
1151 765 1294 814 utrius
1314 766 1431 808 ami-

56 849 133 876 cus
156 831 254 875 est?
292 845 445 873 amans
474 831 633 883 amati,
668 832 765 874 sive
789 831 985 875 vicissim
1009 838 1191 882 amatur.
1208 832 1303 874 sive
1325 834 1430 876 odio

55 909 134 947 est,
163 915 219 943 an
238 906 408 941 amatus
427 898 614 941 amantis
631 899 653 941 ‘3
687 914 744 941 an
768 909 929 943 neuter
960 907 1066 941 tunc
1091 899 1294 942 neutrius
1315 901 1432 944 ami-

57 983 134 1010 cus
155 976 242 1019 est,
269 966 359 1008 nisi
389 965 519 1007 ambo
538 965 659 1008 inter
687 982 734 1009 se
755 967 937 1009 amant?
1007 960 1202 1011 Videtur
1233 982 1339 1009 sane
1370 969 1433 1011 ita

54 1035 234 1079 habere.
300 1033 445 1077 Aliter
477 1047 582 1089 ergo
622 1049 742 1078 nunc
775 1034 907 1077 nobis
943 1034 1132 1078 videturss
1161 1049 1295 1091 quam
1328 1043 1433 1078 ante

22 1118 25 1121 ’
55 1102 293 1144 videbatur
303 1118 317 1156 3
355 1109 463 1143 tunc
496 1100 641 1152 enim,
682 1103 721 1144 si
751 1101 863 1144 alter
897 1108 1093 1155 amaret,
1139 1102 1274 1145 amici
1302 1103 1432 1146 nobis

55 1169 143 1212 visi
162 1177 265 1212 sunt
294 1168 598 1220 amb03'nunc
619 1182 745 1220 vero,
769 1168 861 1211 nisi
875 1168 1057 1225 utrique
1077 1179 1242 1222 amant,
1270 1181 1432 1214 neuter

56 1236 240 1279 amicus.
265 1275 275 1298 1
299 1236 366 1278 Ita
385 1235 481 1278 fere
504 1243 582 1279 est.
639 1236 770 1279 Nihil·
798 1251 906 1293 ergo
921 1237 1133 1280 ramicum
1162 1245 1227 1280 est
1248 1239 1432 1290 amanti,

55 1303 146 1346 nisi
165 1302 364 1345 vicissim
385 1313 513 1349 amat.
568 1303 688 1357 Non,
717 1313 770 1347 ut
795 1305 988 1354 videtur,
1043 1303 1149 1347 Non
1171 1319 1278 1363 ergo
1291 1321 1432 1364 equo-

55 1386 163 1414 rum
184 1379 287 1412 sunt
309 1377 528 1413 amatores
552 1384 663 1428 quos
686 1371 794 1427 equi
811 1386 906 1413 non
926 1370 1124 1415 vicissim
1145 1381 1319 1426 amant,
1348 1389 1434 1416 ne-
1483 1379 1486 1383 ’

58 1453 144 1496 que
166 1437 463 1490 coturnicum,
489 1452 637 1493 neque
664 1453 841 1490 canum,
869 1453 1015 1494 neque
1032 1438 1154 1491 vini,
1181 1455 1328 1498 neque
1349 1456 1433 1499 pa·-

56 1506 244 1548 laestrae
260 1537 273 1554 ‚
303 1519 447 1561 neque
475 1504 720 1562 sapientiae
739 1513 983 1554 amatoreS,
1012 1505 1100 1548 nisi
1122 1508 1338 1564 sapientia
1356 1508 1433 1552 veos

56 1573 253 1616 vicissim
275 1581 415 1626 amat3
449 1586 507 1614 an
536 1579 686 1613 amant
710 1571 888 1630 haeres
919 1570 1109 1626 quique,
1146 1575 1319 1618 etiamsi
1339 1591 1434 1619 non

56 1641 224 1684 amicae
260 1648 384 1690 sunt,
432 1637 509 1678 sed
539 1637 756 1679 mentitur
783 1637 918 1693 potita
951 1639 1029 1693 qui
1060 1638 1216 1682 dicite.
1256 1639 1435 1684 Beatus

61 1709 136 1752 cui
156 1706 292 1764 pueri
319 1704 462 1747 amici
489 1710 535 1746 et
566 1702 831 1761 solidipedes
860 1703 962 1761 equi
991 1712 1037 1747 et
1070 1721 1204 1748 canes
1230 1707 1434 1750 venatici

0 1764 2 1779 ’
60 1783 107 1819 et
126 1775 281 1831 hospes
308 1770 580 1816 extraneus?
634 1771 737 1813 Non
765 1770 878 1813 mihi
907 1771 1090 1827 quidem
1121 1771 1320 1826 videtur,
1357 1774 1434 1816 in·-

0 1857 2 1869 ’
60 1842 169 1899 quit.
213 1838 301 1883 Sed
327 1853 435 1881 vera
457 1837 635 1879 videtur
656 1837 740 1880 tibi
765 1838 945 1884 dicere?
999 1838 1159 1883 Etiam·
1217 1842 1432 1885 Amatum

60 1909 201 1964 igitur
221 1907 389 1949 amanti
415 1905 610 1947 amicum
636 1912 713 1957 est,
743 1914 794 1948 ut
810 1905 1002 1958 videtur,
1040 1907 1309 1960 Menexene‚
1336 1908 1431 1951 sive

61 1974 173 2018 illud
205 1981 323 2017 amat
352 1972 446 2014 sive
478 1971 581 2014 odio
602 1971 759 2025 habet3
784 1973 905 2015 velut
925 1973 1113 2016 infantes
1135 1990 1227 2017 non
1248 1976 1311 2018 ita
1331 1977 1432 2035 pri-

63 2042 167 2084 dem
193 2042 310 2094 nati,
339 2039 512 2082 etiamsi
534 2039 803 2096 castigantur
826 2054 852 2081 a
870 2050 1013 2084 matre
1035 2041 1108 2083 vel
1134 2056 1158 2083 a
1179 2052 1331 2100 patre,
1362 2053 1432 2087 ta-

60 2123 168 2152 men
186 2109 319 2150 etiam
344 2107 445 2149 odio
458 2106 668 2149 habentes
688 2106 766 2148 illo·
785 2113 988 2165 tempore
1009 2109 1210 2153 omnium
1231 2111 1432 2154 maxime

61 2175 323 2235 parentibus
351 2185 454 2220 sunt
482 2175 587 2219 cari.
643 2173 762 2216 Mihi
783 2189 888 2217 sane
909 2174 1110 2229 videtur,
1147 2178 1320 2234 inquit,
1360 2194 1431 2222 res

62 2258 111 2285 se
133 2242 196 2286 sic
214 2242 390 2285 habere.
447 2243 549 2286 Non
572 2257 678 2298 ergo
700 2256 851 2283 amans
873 2250 938 2284 est
958 2244 1125 2285 amicus
1150 2258 1208 2287 ex
1226 2244 1308 2287 hac
1328 2261 1432 2289 ora-

64 2311 203 2362 tione,
235 2310 311 2353 sed
333 2320 517 2355 amatus.
573 2309 777 2354 Videtur.
832 2308 891 2352 Et
914 2310 988 2367 qui
1009 2310 1110 2353 odio
1131 2310 1322 2356 habetur
1338 2314 1430 2357 ini-

64 2378 208 2419 micus
226 2377 377 2434 igitur,
405 2393 498 2420 non
522 2376 598 2433 qui
621 2376 724 2419 odit.
781 2376 919 2421 Patet.
978 2377 1110 2421 Multi
1141 2393 1247 2436 ergo
1270 2380 1323 2422 ab
1339 2381 1430 2424 ini-

64 2444 194 2487 micis
215 2454 433 2500 amantur,
454 2445 508 2487 ab
528 2444 681 2488 amicis
699 2458 809 2487 vero
834 2443 936 2487 odio
950 2443 1184 2502 habentur,
1213 2455 1256 2491 et
1274 2439 1429 2492 inimi-
