1696 2898
596 248 1011 306 Laenas.
1394 266 1489 306 sos

123 383 241 449 haud
282 383 441 438 dubie,
479 381 678 436 Laches,
719 379 798 440 qui
826 378 962 423 etiam
981 376 1041 448 in⁴
1054 351 1192 423 hisse
1209 346 1347 423 fortes
1362 391 1497 447 prae-

122 451 269 496 beant.

230 546 323 593 La.
377 544 496 590 Sane
519 544 727 602 quidem,
755 514 956 589 Socrate.'

229 643 309 689 So.
365 642 520 698 Itaque
538 639 679 684 fortes
697 639 878 698 quidem
904 652 1060 681 omnes
1078 636 1127 681 hi
1148 647 1251 683 sunt
1264 670 1277 692 ‚
1302 636 1379 681 alii
1391 636 1501 682 vero

122 712 173 754 in
207 708 539 768 voluptatibus,
579 707 656 750 alii
688 708 738 750 in
771 706 1027 758 doloribus,
1072 706 1148 748 alii
1174 706 1224 749 in
1244 705 1503 764 cupiditati-

124 777 233 829 bus,
262 777 339 819 alii
359 777 408 819 in
430 774 670 818 timoribus
688 773 1001 818 fortitudinem
1021 773 1250 829 possident
1261 791 1276 828 3
1303 773 1382 819 alii
1393 789 1503 816 con-

126 850 223 900 tr,a
253 845 440 903 opinor,
467 843 694 900 ignaviam
711 842 763 885 in
785 840 949 885 eisdem
966 840 1036 883 his
1055 840 1207 884 rebus.

236 920 325 965 La.
383 919 499 964 Sane
521 918 720 976 quidem.

366 995 491 1053 Quid
524 994 706 1039 tandem
735 992 902 1037 horum
935 1001 1205 1049 utrumque,
1245 991 1333 1035 hoc
1360 992 1507 1043 inter-2

129 1062 359 1120 rogabam.
398 1077 556 1106 rursus
586 1076 697 1104 vero
728 1074 891 1103 conare
920 1058 1068 1103 dicere
1102 1058 1306 1116 primum
1326 1059 1432 1116 quid
1451 1059 1509 1102 sit

125 1129 346 1174 fortitudo
377 1129 428 1173 in
453 1129 524 1172 his
545 1127 755 1173 omnibus
776 1127 932 1171 eadem
943 1142 960 1182 3
994 1140 1054 1168 an
1073 1125 1278 1171 nondum
1295 1123 1506 1185 intelligis

128 1197 234 1254 quid
257 1197 435 1240 dicam?

237 1272 325 1316 La
380 1272 482 1316 Non
504 1271 624 1325 satis.

240 1348 313 1391 So.
370 1347 432 1390 At
456 1346 519 1390 ita
554 1347 683 1398 dico,
720 1323 1122 1421 quemadmodum
1126 1344 1183 1389 si
1195 1344 1309 1401 quis
1324 1354 1510 1402 quaerat

132 1413 238 1472 quid
261 1414 316 1457 sit
338 1412 538 1456 celeritas
560 1427 672 1469 quae
692 1419 736 1455 et
754 1412 804 1455 in
824 1413 1048 1456 currendo
1073 1413 1202 1456 nobis
1221 1412 1426 1455 adiuncta
1444 1419 1510 1454 est

134 1490 177 1524 et
197 1482 246 1524 in
267 1481 436 1525 cithara
453 1479 668 1538 pulsanda
687 1487 731 1522 et
747 1479 796 1522 in
817 1479 1006 1524 dicendo
1029 1479 1073 1524 et
1089 1480 1139 1523 in
1161 1479 1370 1522 discendo
1393 1488 1437 1522 et
1461 1480 1512 1522 in

133 1549 232 1592 aliis
261 1548 439 1598 multis,
480 1556 667 1603 eamque'
682 1546 781 1589 fere
800 1546 851 1588 in
872 1548 1084 1590 omnibus
1105 1547 1321 1590 habemus
1338 1546 1389 1589 in
1408 1547 1513 1603 qui-

133 1614 215 1659 bus
241 1614 544 1659 aestimatione
568 1613 702 1668 digna
721 1620 809 1662 est,
846 1613 918 1654 vel
940 1614 989 1655 in
1010 1629 1232 1665 manuum
1249 1613 1322 1655 vel
1342 1614 1513 1672 pedum

134 1684 210 1726 vel
239 1682 328 1724 oris
362 1696 412 1722 ac
442 1680 562 1722 vocis
594 1678 669 1722 vel
695 1676 859 1720 mentis
890 1677 1165 1733 actionibus3
1196 1680 1440 1731 *annon-,ita
1462 1688 1515 1724 tu

136 1764 314 1807 quoque
339 1761 490 1790 censes
502 1747 524 1789 ’.Ρ

248 1825 336 1869 La.
391 1822 507 1866 Sane
527 1820 723 1878 quidem.

250 1901 323 1944 So.
378 1899 474 1942 Iam
505 1897 543 1939 si
574 1896 673 1953 quis
702 1910 762 1938 ex
783 1910 857 1939 me
878 1904 1061 1953 quaerat
1079 1899 1130 1940 -Ο
1150 1897 1375 1950 Socrates,
1407 1899 1514 1957 quid

141 1967 250 2012 dicis
270 1967 356 2009 hoc
378 1965 497 2022 quod
516 1964 563 2006 in
585 1963 795 2006 omnibus
818 1964 1016 2021 appellas
1035 1965 1352 2010 velocitatem?
1385 1965 1514 2024 equi-

141 2035 243 2078 dem
266 2034 307 2075 ei
327 2030 621 2089 respondeam
641 2030 775 2073 Brevi
794 2037 1000 2088 tempore
1026 2033 1165 2083 multa
1194 2042 1514 2090 exsequentem

139 2101 398 2145 facultatem
429 2097 708 2141 velocitatem
737 2096 944 2153 equidem
977 2098 1155 2156 appello
1183 2108 1284 2144 tum
1311 2101 1363 2144 in
1386 2117 1514 2157 voce,

108 2192 109 2195 =
139 2177 236 2212 tum
255 2167 303 2210 in
324 2180 484 2216 cursu,
515 2173 610 2208 tum
637 2164 687 2206 in
710 2163 896 2226 reliquis
917 2164 1143 2208 omnibus.

254 2244 340 2287 La.
396 2242 532 2285 Recte
560 2247 611 2282 tu
633 2239 755 2285 dicis·

253 2319 325 2362 So.
383 2316 557 2360 Conare
598 2316 690 2358 iam
728 2322 778 2359 tu
807 2329 1013 2373 quoque,
1048 2315 1246 2372 Laches,
1286 2321 1517 2379 explicare

145 2400 362 2442 quaenam
391 2384 448 2427 sit
474 2383 657 2426 facultas
683 2381 770 2425 <illa
800 2382 984 2426 eandem
1015 2399 1062 2426 se
1092 2395 1320 2442 praestans
1340 2388 1394 2432 vin
1424 2395 1515 2432 vo·-

144 2452 316 2508 luptate
346 2459 390 2493 et
418 2451 467 2493 in
497 2450 649 2494 dolore
679 2456 725 2492 et
747 2451 796 2492 in
815 2451 1023 2494 omnibus
1046 2452 1092 2494 in
1113 2453 1272 2509 quibus
1290 2455 1422 2507 modo
1443 2456 1513 2499 di-

147 2519 299 2562 ximus
322 2533 418 2561 eam
441 2533 556 2571 esse,
585 2532 698 2574 quae
721 2517 936 2561 fortitudo
956 2520 1218 2578 appelletur,-

259 2593 346 2637 La.
401 2593 591 2638 Videtur
618 2593 757 2651 igitur
784 2592 897 2636 mihi
934 2596 1266 2653 perseverantia
1297 2598 1514 2655 quaedam

148 2674 242 2702 esse
264 2659 427 2712 animi,
469 2660 507 2703 si
530 2658 576 2704 id
602 2659 756 2718 quod
742 2675 791 2705 m
809 2662 1014 2708 omnibus
1034 2672 1194 2727 natura
1212 2665 1328 2712 inest
1351 2664 1403 2708 de
1416 2664 1513 2731 f⁰.¹'=

147 2726 340 2772 titudine
358 2727 445 2771 dici
468 2742 577 2787 opor
580 2736 651 2772 tet.
