1734 2872
379 102 467 144 DE
511 100 725 144 Luem
764 70 1209 142 cumDiTATE.
1381 102 1471 139 345

219 222 324 284 Sol
328 214 638 279 Nequaquam
675 219 878 271 insanos,
898 215 1082 266 amice,
1125 185 1234 255 dicis
1273 211 1479 260 luctandi

112 290 307 350 cupidos.
348 298 392 333 at
416 301 466 334 tu
496 289 594 348 ipse
616 295 770 332 utrum
800 299 921 328 amas
948 283 1066 342 quod
1094 281 1268 325 bouum
1295 290 1480 336 est‚an

111 373 202 401 non
222 357 376 400 amas?

218 424 328 468 Am.
383 424 481 481 Ego
513 439 632 468 sane.

219 494 290 536 So.
301 492 440 536 Estne
425 458 624 533 &bonum
636 489 814 547 aliquod
828 487 947 547 quod
960 503 1053 531 non
1062 488 1195 542 anies,
1206 485 1282 529 sed
1292 485 1484 529 malum?

219 560 326 604 Am
382 559 735 616 Haudquaquam
758 556 911 599 hercle
936 570 1031 612 ego.

224 627 298 670 So.
342 626 441 670 -Sed
467 625 618 668 omnia
633 625 751 668 bona
772 624 1018 682 aequaliter
1036 633 1172 667 amas:

223 695 332 738 Am.
385 693 547 736 Etiam.

229 762 299 804 Sa
353 761 477 819 Roga
503 775 579 803 me
601 772 789 818 quoque
806 773 959 802 annon
989 773 1070 817 ego
1103 772 1303 816 quoque3
1333 773 1490 801 conce-

119 827 221 871 dam
241 829 362 871 enim
386 844 468 885 ego
497 843 671 886 quoque
701 828 785 871 tibi
811 828 928 870 bona
950 841 1026 869 me
1055 840 1220 868 amare.
1249 834 1292 868 at
1313 837 1493 884 praeter

117 910 193 936 me
220 904 265 939 et
293 904 339 939 te
366 895 531 952 reliqui
558 894 764 942 homines
798 902 953 938 omnes
989 908 1144 937 nonne
1167 892 1379 940 videntur
1410 895 1493 938 tibi

122 961 238 1004 bona
260 978 434 1014 amare,
468 962 586 1004 mala
605 977 712 1005 vero
734 962 911 1005 odisse?

230 1030 338 1073 Am.
398 1029 516 1074 Mihi
536 1045 640 1072 sane
658 1030 852 1073 videtur.

230 1099 303 1140 So.
360 1100 558 1141 Lucrum
577 1105 726 1140 autem
744 1098 920 1140 bonum·
933 1111 1027 1140 esse
1049 1095 1238 1140 confessi
1256 1093 1410 1150 sumus
1422 1098 1444 1139 ἲ)

229 1166 336 1209 Am.
393 1164 551 1206 Etiam.

182 1267 185 1271 ,
232 1232 303 1276 So.
334 1233 502 1274 Omnes
522 1247 676 1274 rursus
697 1221 901 1274 lucrandi
922 1232 1082 1288 cupidi·
1097 1231 1393 1288 reperiuntur
1413 1230 1498 1274 hoc

121 1297 280 1350 modo·
310 1314 362 1341 eo
391 1308 541 1342 autem
571 1314 701 1356 quem
733 1307 834 1340 ante
863 1298 1115 1355 attigimus,
1154 1312 1289 1342 nemo
1312 1308 1406 1342 erat
1427 1300 1500 1341 lu-

124 1380 172 1406 c1
175 1366 275 1408 andi
291 1367 493 1424 cupidus.
518 1375 618 1410 utia
634 1367 775 1424 igitur
793 1333 968 1423 aliquisD
973 1365 1176 1408 emtione
1197 1373 1326 1409 utens
1346 1382 1371 1410 a
1393 1383 1419 1409 v
1424 1383 1500 1410 eio

125 1446 218 1474 non
239 1433 548 1478 aberraverit?
576 1454 587 1459 χ
607 1446 612 1450 ·

234 1500 339 1544 Am.
395 1501 443 1546 Si
471 1503 595 1560 quis,
630 1501 835 1553 Socrate,
865 1500 1052 1558 opinor,
1079 1510 1202 1545 recte
1230 1502 1502 1560 complecta-,-

124 1573 203 1622 tur·
218 1568 420 1612 lucrandi
441 1570 655 1627 cupidum
674 1586 687 1622 ς
716 1576 838 1610 recte
859 1577 1007 1610 autem
1028 1569 1266 1625 complecti
1286 1579 1352 1612 est
1381 1571 1503 1613 hunc

126 1635 384 1678 existimare
411 1636 616 1679 lucrandi
639 1629 851 1693 cupidum
885 1636 963 1691 qui
992 1634 1166 1678 laboret
1192 1637 1241 1678 in
1261 1637 1349 1679 hoc
1378 1646 1422 1680 et
1445 1654 1505 1681 ex

125 1701 180 1743 iis
197 1703 374 1747 lucrum
389 1703 535 1746 facere
548 1705 712 1762 cupiat,
727 1702 843 1745 unde
863 1703 967 1744 boni
989 1717 1080 1744 non
1093 1704 1310 1748 sustinent
1321 1706 1505 1748 lucrari.

240 1771 309 1813 So.
370 1771 431 1814 At
451 1771 588 1823 vides,
615 1771 904 1813 suavissime:
931 1770 1099 1813 lucrari
1124 1772 1259 1814 modo
1282 1759 1506 1815 concessi-

130 1851 231 1878 mus
257 1852 349 1880 esse
367 1839 604 1881 utilitatem
628 1852 799 1895 capere.

242 1905 350 1946 Am.
408 1904 533 1963 Quid
556 1919 665 1947 vero
691 1904 809 1946 hoc?

244 1972 314 2014 So.
345 1970 477 2029 Quod
500 1971 587 2013 hoc
611 1986 784 2028 quoque
808 1980 1038 2029 praeterea
1061 1973 1372 2026 concessimus,
1394 1974 1508 2016 vello

132 2039 249 2081 bona
270 2054 424 2081 omnes
447 2046 490 2081 et
508 2053 702 2097 semper.

241 2107 346 2149 Am.
405 2106 571 2149 Etiam.

246 2174 320 2216 So.
374 2173 538 2215 Nonne
558 2174 692 2216 etiam
707 2173 813 2216 boni
839 2174 990 2216 omnia
1008 2174 1132 2217 lucra
1151 2175 1310 2217 volunt
1330 2174 1510 2227 habere,

134 2240 354 2297 siquidem
377 2240 495 2282 bona
516 2241 652 2283 sunt?

247 2308 353 2352 Am.
411 2308 516 2350 Non
539 2309 1144 2364 ealuc1a‚Socrate,unde
1166 2310 1388 2368 accepturi
1408 2320 1512 2354 sunt

137 2375 471 2418 «lenimentum.

249 2443 320 2487 So.
387 2443 722 2486 Deuimentum
763 2459 870 2487 vero
907 2444 1108 2503 accipere
1152 2446 1260 2489 dicis
1300 2447 1514 2489 damnum

135 2508 305 2562 facere,
334 2524 390 2552 an
415 2510 534 2552 aliud
559 2510 698 2567 quid?

247 2584 351 2621 Am.
410 2577 536 2630 Non,
565 2578 640 2620 sed
662 2578 870 2621 danmum
899 2578 1045 2621 facere
1065 2580 1180 2623 dico.
