1696 2898
674 200 964 242 LYsls.
1403 209 1496 250 565

125 331 230 359 cens
258 324 431 361 tantum
459 317 612 362 abesse
643 327 696 363 ut
731 318 881 371 siJnile
920 317 1059 362 simili
1088 318 1283 363 amicum
1317 319 1400 372 sit,
1449 329 1498 367 ut

122 385 274 442 ipsum
302 385 361 429 sit
393 385 487 428 eius
506 385 807 440 contrarium3
846 386 1049 430 maxime
1069 386 1189 430 enim
1218 387 1495 432 contrarium

120 450 323 495 maxime
352 452 578 497 contrario
611 469 706 496 esse
738 453 1088 505 amicissimum3
1130 461 1344 512 appetere
1367 454 1492 500 enim

117 517 205 560 hoc
223 518 446 575 quidque,
487 534 578 564 non
612 520 782 574 simile3
819 535 924 566 nam
957 520 1124 563 siccum
1155 529 1368 578 appetens
1399 537 1495 566 esse

115 585 308 639 humidi,
326 584 543 643 frigidum
562 587 708 638 calidi,
735 601 939 630 amarum
951 586 1107 640 dulcis,
1132 596 1312 645 acutum
1332 588 1493 643 obtusi,

114 652 306 696 vacuum
337 652 608 710 expletionis
635 662 681 698 et
705 654 891 712 plenum
938 653 1191 705 vacuitatis,
1241 663 1286 698 et
1314 655 1508 713 reliqua'

114 721 178 763 sic
200 720 355 763 eadem
379 721 582 774 ratione3
624 719 890 764 alimentum
924 720 1047 764 enirn
1080 736 1173 764 esse
1206 724 1488 769 contrarium

112 787 369 842 contrari05
412 801 520 830 nam
549 786 697 830 simile
730 803 756 830 e
775 787 912 830 simili
943 786 1059 830 nihil
1083 803 1241 846 capere
1264 791 1485 841 utilitatis,

111 870 162 897 ac
180 870 311 908 sane,
349 855 516 908 amice,
552 853 687 899 etiam
721 854 873 898 doctus
903 853 1138 899 videbatur
1166 871 1259 900 esse
1291 858 1369 915 qui
1397 858 1484 902 hoc

109 922 305 976 dicebat3
332 922 562 980 praeclare
576 921 697 964 enim
717 922 1022 978 eloquebatur.
1044 921 1172 966 vobis
1192 932 1340 968 autem
1350 957 1366 977 ,
1405 925 1483 968 in-

106 1005 270 1046 quam,
308 987 530 1047 quomodo
563 988 741 1033 videtur
772 989 952 1032 dicere?
1015 989 1160 1042 Bene,
1200 990 1348 1047 inquit
1374 992 1479 1035 Me·
1515 996 1520 1000 '

104 1072 334 1111 nexenus,
373 1063 590 1114 quantum
628 1056 847 1102 audimus.
930 1056 1142 1100 Dicamus
1180 1056 1318 1116 igitur
1360 1073 1476 1102 con-

104 1124 297 1167 trarium
325 1123 550 1167 contrario
584 1124 784 1168 maxime
810 1124 1006 1169 amicum
1038 1125 1167 1168 esse?
1231 1125 1348 1169 Sane
1368 1125 1472 1182 qui-

58 1184 63 1197 ’
102 1191 219 1236 dem.
275 1191 437 1235 Nonne
470 1206 602 1244 vero,
631 1192 814 1250 inquam
828 1225 843 1245 ,
877 1191 1137 1235 admirabile
1153 1191 1239 1234 hoc
1263 1201 1342 1245 est,
1367 1193 1473 1235 Me-

100 1274 308 1313 nexene,
334 1259 572 1316 statimque
593 1260 643 1302 in
661 1275 743 1302 nos
767 1259 927 1319 cupide
945 1259 1145 1303 insilient
1172 1259 1262 1303 viri
1283 1259 1351 1302 illi
1371 1258 1470 1301 exi-

99 1326 190 1370 mia
210 1327 403 1384 praediti
421 1326 637 1384 sapientia
658 1326 952 1379 controversi,
971 1326 1294 1383 interrogantes
1315 1340 1468 1368 annon

98 1393 298 1436 maxime
320 1394 543 1438 contraria
564 1395 621 1438 sit
639 1394 902 1439 inimicitiae
923 1393 1148 1437 amicitia?
1178 1392 1338 1450 quibus
1355 1392 1465 1449 quid

96 1461 495 1518 respondebimus?
534 1476 682 1504 annon
722 1460 1014 1515 confiteamur
1052 1475 1231 1503 necesse
1263 1468 1328 1503 est
1354 1474 1464 1503 vera

96 1528 216 1586 ipsos
247 1529 426 1572 dicere?
481 1529 670 1572 Necesse
698 1536 778 1570 est.
833 1527 956 1571 Num
985 1527 1145 1583 igitur,
1173 1527 1343 1579 dicent,
1367 1525 1462 1569 ini-

94 1595 261 1638 micum
280 1605 343 1637 est
361 1595 504 1636 amica
522 1592 740 1644 amicum,
763 1607 821 1634 an
848 1593 1043 1635 amicum
1065 1593 1282 1636 inimico?
1328 1593 1460 1636 Neu-

93 1670 230 1710 trum,
259 1661 420 1716 inquit.
475 1660 538 1703 At
557 1657 917 1709 iustuminiustO,
942 1672 998 1699 an
1019 1667 1273 1716 temperans
1290 1658 1458 1702 intem-

92 1727 266 1786 peranti
284 1760 296 1776 ‚
337 1742 395 1770 an
423 1726 593 1769 bonum
619 1723 771 1767 malo?
825 1723 928 1767 Non
963 1723 1076 1766 mihi
1104 1725 1280 1770 videtur
1307 1739 1380 1768 res
1406 1739 1457 1767 se

89 1795 154 1838 sic
175 1795 350 1837 habere.
404 1796 638 1845 Attamen,
665 1791 864 1849 inquam,
891 1791 928 1834 si
950 1791 1054 1849 quid
1078 1801 1313 1852 propterea
1332 1793 1454 1851 quod

93 1858 369 1904 contrarium
398 1869 462 1904 est
493 1860 625 1903 alicui
645 1858 787 1902 amico
804 1858 998 1901 amicum
1021 1868 1107 1910 est,
1142 1860 1251 1903 haec
1272 1874 1454 1917 quoque

92 1930 234 1972 amica
269 1930 359 1972 sint
386 1943 563 1971 necesse
596 1936 674 1971 est.
730 1925 824 1969 Est.
880 1925 1035 1982 Neque
1056 1926 1194 1983 igitur
1218 1926 1365 1970 simile
1386 1925 1454 1968 si-

90 1996 188 2040 mili
218 2010 362 2053 neque
391 1994 666 2039 contrarium
699 1992 920 2037 contrario
956 1993 1162 2037 amicum.
1234 1993 1362 2044 Non,
1398 2000 1452 2037 ut

89 2063 282 2107 videtur.
350 2064 584 2107 Praeterea
613 2061 698 2105 hoc
729 2058 1078 2115 consideremus,
1115 2059 1335 2116 numquid
1365 2073 1449 2102 nos

87 2130 228 2187 fugiat
245 2131 438 2173 amicum
457 2145 615 2173 revera
636 2127 749 2172 nihil
771 2126 932 2169 horum
951 2142 1043 2169 esse
1056 2159 1069 2180 ,
1104 2127 1179 2170 sed
1201 2141 1344 2191 neque
1361 2125 1448 2168 bo-

87 2213 195 2240 num
221 2212 364 2254 neque
391 2197 560 2241 malum
590 2197 782 2240 amicum
808 2195 868 2236 ita
898 2194 1161 2252 quandoque
1189 2194 1288 2236 fieri
1324 2192 1446 2236 boni.

84 2265 344 2322 Quomodo,
369 2265 530 2322 inquit,
559 2263 699 2306 dicis?
754 2260 914 2306 Nescio
936 2259 1109 2313 hercle,
1134 2262 1342 2318 inquam,
1367 2259 1447 2303 sed

86 2346 246 2375 revera
273 2331 368 2387 ipse
401 2331 561 2374 haereo
588 2338 774 2389 propter
802 2327 1015 2370 orationis
1042 2327 1368 2380 difficultatem
1393 2341 1444 2370 ac

85 2397 278 2451 videtur,
308 2407 353 2441 ut
378 2399 426 2441 in
446 2407 595 2441 vetere
615 2409 680 2453 est
707 2394 961 2455 proverbi0‚
983 2396 1224 2453 pulchrum
1249 2394 1446 2437 amicum

86 2478 195 2507 esse.
230 2465 364 2509 habet
393 2474 512 2509 certe
545 2465 691 2508 mollis
723 2463 949 2507 cuiusdam
979 2469 1024 2504 et
1052 2462 1163 2505 levis
1200 2470 1244 2505 et
1265 2459 1443 2520 pinguis

85 2532 304 2589 speciem3
335 2547 422 2589 quo
443 2532 494 2575 fit
513 2531 697 2575 fortasse
726 2538 776 2573 ut
790 2529 920 2572 facile
942 2529 1069 2571 nobis
1093 2529 1269 2572 excidat
1285 2536 1328 2570 et
1349 2526 1443 2567 ela-

84 2598 240 2651 batur,
278 2598 450 2655 quippe
481 2597 599 2653 quod
633 2597 719 2640 tale
757 2597 829 2639 sit.
877 2595 974 2637 dico
1003 2595 1122 2639 enim
1151 2596 1321 2638 bonum
1349 2603 1443 2632 esse

84 2665 343 2724 pulchrum.
375 2673 426 2707 tu
455 2679 562 2708 vero
590 2665 684 2708 non
705 2662 967 2708 arbitraris?
1020 2662 1116 2719 Ego
1149 2677 1271 2705 vero.
1329 2657 1442 2699 DICO
