1734 2872
407 145 833 190 ALCIBIADES
869 147 1249 201 SECUNDUS.
1427 157 1520 195 313

153 274 250 310 tam?
273 278 479 310 moerore
497 263 648 308 afflicti
669 263 989 318 traduxerunt,
1012 265 1114 309 ·alii·
1132 280 1243 311 vero
1261 267 1337 324 qui
1357 267 1526 327 probos

153 333 421 384 habuerant,
451 333 525 376 sed
545 335 594 375 in
613 331 727 374 hanc
746 331 973 375 fortunam
997 333 1229 378 adversam
1253 335 1527 379 devenerant

150 408 203 443 ut
231 400 298 442 eis
333 400 624 452 orbarentur,
677 397 797 441 haud
826 399 1077 442 minoribus
1111 416 1256 457 quam·
1273 402 1343 447 illi
1375 402 1526 446 afflicti

150 475 252 511 sunt
281 468 601 511 calamitatibus
634 475 678 509 et
714 474 984 524 optaverunt
1014 468 1098 510 sibi
1118 483 1212 510 non
1230 478 1355 512 natos
1376 470 1526 527 potius

149 550 280 592 quam
301 544 423 579 natos
446 550 550 578 esse.
587 550 638 577 ac
669 534 875 591 quamvis
895 533 1003 578 haec
1026 535 1200 592 aliaque
1218 537 1363 593 multa
1391 552 1530 594 gene·
1584 552 1586 556 ’

147 601 212 644 ris
239 602 440 648 eiusdem
471 611 562 646 tam
592 601 815 645 evidentia
835 611 966 654 sunt,
1005 610 1155 647 tamen
1178 619 1281 646 raro
1299 605 1528 662 reperitur

148 669 307 726 aliquis
323 670 398 728 qui
414 671 470 712 ab
489 669 551 712 eis
574 684 686 726 quae
707 667 795 727 ipsi
818 669 1068 715 offerantur
1089 685 1184 714 sese
1203 671 1419 716 abstineat
1436 673 1526 724 vel,

148 737 187 780 si
220 739 445 795 precando
474 752 525 780 ea
553 737 876 796 impetraturus
898 738 982 790 sit,
1013 738 1196 782 desistat
1213 739 1404 797 precari.
1431 740 1529 797 ple-

147 804 280 861 rique
303 821 412 849 vero
434 820 578 863 neque
596 805 882 864 avtyrannide
902 806 962 848 sii
969 806 1057 864 psis
1070 805 1312 850 offerretur
1323 821 1416 849 sese
1430 808 1530 851 abs-

148 871 346 917 tinerent
377 888 522 931 neque
551 888 576 914 a
610 888 800 916 munere
831 873 1129 931 imperatorio
1163 890 1308 932 neque
1344 875 1397 917 ab
1429 876 1528 918 aliis

148 940 303 982 multis
338 956 450 997 quae
471 941 508 982 si
529 941 686 983 adsunt
707 941 865 983 obsunt
885 942 1025 998 magis
1046 956 1177 998 quam
1203 952 1418 998 prosunt,
1451 945 1530 987 sed

149 1016 443 1063 precarentur
461 1016 511 1050 ut
530 1007 616 1050 sibi
639 1008 942 1064 obtingerent,
970 1010 1007 1051 si
1028 1023 1122 1051 non
1142 1008 1368 1062 adessent,
1398 1019 1529 1067 atque

150 1088 245 1114 non
283 1073 345 1116 ita
372 1074 514 1118 multo
544 1083 647 1133 post
664 1089 1001 1131 nonnumquam
1024 1084 1254 1119 recantant
1275 1079 1423 1134 quasi,
1454 1095 1532 1122 re-¹

151 1147 386 1184 tractantes
408 1157 520 1198 quae
540 1142 742 1199 primum
763 1140 965 1184 fecerant
986 1149 1102 1186 vota.
1134 1144 1296 1188 iccirco
1323 1146 1528 1202 equidem

150 1222 312 1249 vereor
331 1223 389 1250 ne
409 1224 597 1267 prorsus
616 1209 712 1251 sine
731 1223 861 1251 causa
886 1207 991 1252 deos
1012 1209 1218 1254 homines
1243 1222 1447 1256 accusent
1468 1229 1528 1257 ex

149 1273 240 1316 illis
269 1274 463 1319 dicentes
489 1278 607 1320 mala
635 1275 720 1318 sibi
752 1290 961 1327 manare;
1009 1276 1128 1334 ipsi
1170 1293 1280 1321 vero
1309 1294 1409 1322 sua
1435 1279 1531 1323 sive

149 1357 180 1400 p
195 1358 218 1385 r
230 1351 355 1387 oter
365 1344 447 1395 vit
457 1359 482 1386 a
495 1353 511 1388 t
523 1359 548 1386 e
587 1343 683 1386 sive
725 1340 985 1400 insipientIa
1019 1353 1198 1402 oportet
1226 1343 1312 1390 diei
1324 1379 1339 1398 ‚
1372 1349 1494 1391 ultr
1505 1365 1531 1392 a

150 1425 210 1452 so
227 1421 370 1455 rtem
401 1411 630 1454 dolores
660 1409 770 1453 hab
785 1419 894 1453 ent.
922 1425 972 1452 ac
1004 1412 1184 1456 videtur
1200 1413 1409 1470 quidem,
1439 1416 1529 1468 AI...

152 1478 342 1531 cibiade,
369 1479 568 1538 prudens
592 1478 690 1536 quis
715 1477 851 1520 fuisse
872 1477 949 1522 ille
969 1479 1103 1536 poeta
1118 1512 1130 1532 ‚
1159 1481 1237 1537 qui
1260 1483 1452 1535 amicos,
1480 1486 1530 1528 ni

149 1545 298 1600 fallor,
320 1562 460 1604 quum
477 1547 740 1605 insipientes
760 1545 947 1588 haberet
966 1561 1074 1603 quos
1098 1547 1278 1592 vidisset
1303 1558 1346 1592 et
1358 1550 1532 1595 facien-

153 1620 220 1657 tes
243 1623 286 1658 et
304 1624 535 1673 precantes
561 1630 674 1672 quae
696 1629 790 1656 non
816 1614 1139 1667 conducerent,
1166 1615 1256 1658 illis
1282 1626 1429 1661 autem
1452 1620 1530 1662 vi-

154 1681 384 1735 derentur,
413 1683 716 1726 communiter
743 1696 829 1740 pro
852 1681 1060 1724 omnibus
1081 1683 1386 1740 precationem
1407 1686 1529 1733 fecit.

159 1748 264 1794 dicit
282 1759 429 1795 autem
451 1750 536 1793 hoc
553 1749 650 1793 fere
671 1749 831 1791 modo:

237 1818 510 1876 Iuppiter
548 1832 574 1860 0
614 1817 807 1871 nobis,
841 1825 1134 1862 taceamus
1171 1818 1295 1862 sive
1322 1835 1532 1878 prece-

1139 1902 1187 1930 m
1200 1902 1228 1928 u
1237 1902 1263 1928 r
1273 1918 1287 1940 ,

243 1952 324 1994 Da
356 1951 530 2004 bona3
570 1967 714 2009 quae
742 1955 890 1997 mala
920 1961 1076 2007 sunt,
1113 1969 1315 1996 errore
1336 1963 1534 2011 peten-

1143 2019 1227 2062 tib
1241 2035 1272 2062 u
1283 2036 1303 2062 s
1331 2035 1356 2062 a
1369 2036 1393 2062 r
1404 2036 1426 2062 c
1439 2036 1475 2061 e.

157 2086 271 2131 mihi
292 2085 427 2143 igitur
446 2086 562 2129 bene
579 2086 759 2129 videtur
784 2095 828 2129 et
844 2095 971 2129 caute
990 2086 1137 2128 dicere
1155 2087 1314 2143 poeta3
1351 2093 1402 2129 tu
1421 2103 1530 2131 vero

161 2154 199 2197 si
222 2154 326 2211 quid
346 2155 395 2196 in
419 2154 568 2197 animo
587 2153 722 2195 habes
745 2159 900 2195 contra
917 2167 1125 2205 monere,
1153 2168 1211 2196 ne
1228 2161 1340 2196 tace.

268 2222 344 2264 Al.
401 2221 594 2264 Difficile
606 2253 619 2275 ,
659 2221 866 2274 Socrate,
904 2216 968 2264 est
1004 2230 1160 2264 contra
1193 2236 1243 2263 ea
1278 2235 1391 2278 quae
1414 2221 1529 2264 bene

161 2288 278 2332 dicta
314 2297 418 2331 sunt
446 2289 608 2334 dicere.
645 2287 732 2331 hoc
760 2297 909 2332 tamen
937 2289 1189 2347 perspicio,
1243 2287 1361 2344 quod
1389 2291 1533 2332 malo-

161 2371 264 2400 rum
286 2371 413 2398 causa
442 2357 499 2399 sit
525 2357 777 2413 ignorantia
803 2356 1086 2410 hominibus,
1126 2355 1328 2413 quando,
1360 2364 1409 2398 ut
1443 2372 1529 2414 pa-

163 2431 250 2474 tet,
286 2423 521 2466 inscientes
551 2439 633 2481 per
665 2424 780 2466 hanc
810 2433 855 2467 et
880 2423 1069 2466 facimus
1102 2432 1166 2475 et,
1201 2423 1248 2464 id
1281 2423 1399 2480 quod
1427 2439 1528 2480 gra-

162 2491 394 2539 vissimum
417 2499 506 2541 est,
529 2506 770 2548 precamur
794 2492 1015 2534 nobismet
1034 2491 1144 2548 ipsis
1175 2491 1377 2548 pessima.
1414 2493 1533 2548 quod

165 2557 345 2615 quidem
366 2573 497 2600 nemo
535 2557 666 2601 facile
701 2559 754 2602 de
778 2576 825 2602 se
851 2559 1079 2611 statuerit,
1122 2559 1262 2603 immo
1293 2558 1379 2601 hoc
1408 2560 1531 2616 quis-

167 2640 251 2681 que
283 2627 508 2683 putaverit
537 2628 640 2670 satis
673 2644 717 2670 se
753 2627 1020 2684 prudentem
1056 2641 1148 2669 esse
1178 2627 1230 2670 ad
1259 2626 1427 2684 optima
1447 2626 1528 2668 sibi
