1734 2872
469 185 901 231 ALCIBIADES
933 187 1306 231 SECUNDUS.
1484 195 1578 231 309

302 308 382 350 Al.
437 306 559 351 Mihi
580 320 689 350 nane
710 305 789 349 ita.

302 373 374 417 So.
430 374 526 417 Iam
548 388 659 417 vero
683 371 790 415 inde
809 378 1117 416 revertamur.
1136 381 1232 416 erat
1251 373 1395 424 enim,
1409 372 1460 425 ni
1485 372 1575 415 fal-

188 441 283 495 lor,
310 441 433 484 unde
455 441 651 499 digressa
677 446 743 483 est
771 439 916 483 oratio
933 447 1114 488 nostra,
1143 441 1252 494 hoc,
1280 439 1573 483 consideran-

189 508 296 552 dum
328 523 421 551 esse
452 507 530 565 qui
548 506 730 551 tandem
749 514 896 551 essent
911 506 1223 563 imprudentes
1246 516 1290 550 et
1311 506 1568 566 prudentes.

188 590 450 619 concessum
469 573 678 619 videlicet
699 582 796 617 erat
811 588 909 617 esse
928 573 1100 632 aliquos
1115 592 1131 630 3
1159 589 1311 617 nonne
1326 575 1354 616 ’ἐ

297 644 374 688 Al.
431 642 574 697 Sane,
600 656 860 690 concessum
880 651 986 685 erat.

298 712 371 755 So.
426 710 497 754 An
529 725 641 753 vero
676 708 759 754 hos
793 709 1037 770 prudentes
1063 710 1298 755 existimas
1319 709 1398 766 qui
1426 709 1569 752 sciant

187 793 304 836 quae
315 777 409 822 sibi·
422 777 624 823 facienda
651 787 697 823 et
715 777 902 823 dicenda
919 778 1039 822 sint?

296 845 370 888 Al.
426 847 543 891 Sane
562 844 758 903 quidem.

296 914 371 956 So.
425 911 742 970 Imprudentes
763 921 914 958 autem
931 914 1183 973 quosnam?
1214 926 1345 958 eosne
1359 912 1444 970 ,qui
1456 927 1544 955 neu

187 988 257 1023 tra
273 979 439 1023 horum
462 980 638 1023 sciant?

298 1046 373 1092 Al.
429 1045 523 1090 Hos
544 1059 667 1089 veroe

297 1114 369 1158 So.
424 1113 588 1157 Nonne
622 1113 699 1171 qui
725 1113 894 1157 horum
913 1122 1074 1158 neutra
1091 1114 1242 1159 sciunt
1259 1112 1497 1159 inscientes
1518 1124 1563 1158 et

186 1182 340 1225 dicunt
358 1190 402 1224 et
422 1181 594 1225 faciunt
612 1195 726 1240 quae
745 1196 841 1226 non.
861 1180 1025 1228 debent
1037 1183 1059 1225 ’ἓ

295 1248 372 1291 ΛΖ.
429 1248 494 1291 Ita
513 1256 596 1290 est.

294 1316 366 1358 So.
421 1315 599 1359 Horum
614 1314 754 1371 igitur
770 1315 883 1368 dixi,
912 1315 1156 1369 Alcibiade,
1195 1317 1424 1376 Oedipum
1444 1332 1560 1377 quo-⁴

185 1397 272 1440 que
300 1382 438 1425 fuisse
463 1380 716 1427 hominum.
749 1381 953 1425 invenies
984 1398 1094 1426 vero
1129 1383 1264 1427 etiam
1293 1400 1452 1429 eorum
1480 1389 1565 1442 qui

181 1465 304 1493 nunc
323 1457 428 1493 sunt
444 1449 611 1492 multos
631 1464 724 1492 non
743 1448 977 1493 iracundia
999 1449 1314 1504 inflammatos,
1341 1453 1454 1496 sicut
1481 1453 1559 1495 ille

183 1517 296 1570 fuit,
329 1532 412 1560 nec
444 1524 651 1574 putantes
678 1532 726 1559 se
743 1516 862 1560 mala
877 1515 961 1559 sibi
980 1518 1183 1575 precari,
1214 1519 1291 1560 sed
1310 1520 1444 1562 bona.
1481 1520 1559 1564 illo

184 1584 304 1628 enim
337 1599 419 1627 nec
449 1592 656 1640 precatus
686 1592 752 1627 est
769 1599 851 1626 nec
871 1584 1069 1642 putavit,
1100 1594 1207 1629 sunt
1224 1601 1334 1629 vero
1354 1588 1431 1630 alii
1449 1588 1560 1644 qui-

184 1651 284 1695 dam
304 1666 494 1708 quorum
515 1651 740 1694 contraria
761 1659 825 1694 est
845 1651 971 1694 ratio.
1000 1652 1207 1708 equidem
1240 1669 1345 1696 sane
1362 1655 1557 1698 arbitror

181 1719 382 1776 primum
398 1747 410 1767 ‚
448 1719 486 1760 si
519 1717 627 1760 deus
649 1718 706 1761 ad
731 1732 869 1775 quem
881 1719 1181 1777 proficisceris
1199 1721 1488 1765 manifestum
1508 1737 1557 1764 se

181 1786 266 1829 tibi
284 1785 518 1831 exhiberet
539 1793 670 1842 teque
690 1793 894 1843 rogaret,
920 1785 1184 1844 priusquam
1204 1786 1375 1843 aliquid
1394 1777 1557 1844 preca-

184 1861 256 1895 tus
278 1869 405 1907 esses,
430 1868 487 1895 an
508 1852 610 1895 satis
633 1853 823 1896 haberes
843 1862 1088 1912 tyrannum
1098 1852 1199 1896 fieri
1213 1852 1559 1897 Atheniensium

185 1919 398 1971 civitatis,
426 1929 473 1963 et
491 1919 575 1962 hoc
595 1920 632 1962 si
654 1920 744 1963 vile
761 1935 854 1963 esse
872 1928 1053 1978 putares
1073 1935 1156 1964 nec
1165 1921 1316 1977 magni
1332 1920 1452 1975 quid,
1476 1921 1558 1962 ad·-

183 1987 356 2039 ficeret,
385 1987 518 2028 etiam
540 1987 743 2030 omnium
766 1987 1069 2041 Graecorum3
1094 2003 1145 2031 ac
1165 1988 1204 2029 si
1220 1987 1394 2030 videret
1412 1987 1556 2028 adhuc

185 2054 335 2096 minus
365 2060 598 2111 putantem
628 2060 672 2094 te
701 2052 961 2096 habiturum
989 2069 1081 2097 esse
1096 2086 1112 2105 ,
1144 2054 1234 2096 nisi
1263 2055 1398 2097 etiam
1416 2055 1554 2097 totius

184 2122 396 2179 Europae
419 2120 697 2162 dominatum
719 2120 803 2162 tibi
820 2120 1129 2177 promitteret,
1163 2135 1246 2161 nec
1267 2121 1553 2177 promitteret

182 2197 382 2239 tantum,
420 2202 582 2230 verum
612 2186 746 2228 etiam
773 2185 1050 2243 impertiret,
1104 2201 1206 2229 cum
1239 2186 1324 2230 hoc
1355 2187 1453 2245 ipso
1480 2188 1552 2230 die

182 2256 324 2299 velles
357 2263 406 2297 ut
423 2270 578 2297 omnes
600 2253 901 2312 comperirent
917 2252 1194 2296 Alcibiadem
1216 2254 1388 2297 Cliniae
1408 2256 1551 2299 filium

186 2323 405 2367 exstitisse
440 2332 708 2379 tyrannum3
738 2320 931 2363 arbitror
955 2327 998 2363 te
1030 2320 1321 2367 discessurum
1342 2338 1434 2365 csse
1456 2323 1549 2365 lae-

187 2391 283 2434 titia
305 2392 597 2434 exsultantem
612 2419 622 2437 ‚
651 2399 878 2444 tamquam
900 2389 1096 2431 maxima
1112 2389 1230 2432 bona
1248 2390 1470 2447 adeptum.

297 2457 371 2499 Al.
428 2456 523 2513 Ego
554 2472 663 2499 vero
693 2455 913 2507 arbitror,
946 2455 1128 2499 Socrate
1139 2490 1151 2511 ,
1186 2458 1318 2502 etiam
1349 2457 1549 2516 quemvis

190 2524 352 2572 alium,
381 2523 416 2565 si
441 2524 544 2566 talia
563 2525 603 2565 ei
626 2523 918 2580 obtinget-ent.

300 2591 371 2633 So.
428 2589 636 2633 Attamen
656 2606 744 2648 pro
762 2590 850 2634 vita
871 2600 944 2633 tua
965 2606 1046 2637 nec
1060 2593 1261 2634 omnium
1275 2593 1552 2635 Graecorum

190 2667 234 2701 et
246 2657 536 2702 barbarorum
548 2667 710 2702 terram
723 2673 772 2701 ac
782 2658 1063 2716 tyrannidem
1077 2659 1157 2702 tibi
1170 2660 1304 2704 velles
1316 2658 1550 2721 impertiri.
