1734 2872
555 226 559 231 ,
621 192 1036 235 CI-IARMIDEs.
1110 171 1112 173 ’
1333 176 1339 180 ’
1395 204 1488 246 419

126 312 536 374 geniopraeditum
568 325 653 368 par
686 317 751 353 est
782 317 956 360 autem,
992 309 1205 368 inquam}
1239 311 1372 373 talem
1389 328 1494 369 eum

125 396 226 438 ²⁸⁵⁰*
247 396 392 436 quum
436 384 614 426 ¹vestrae
642 375 703 423 sit
728 379 885 434 gentis.
915 416 918 420 ,
945 377 1084 428 Sane,
1124 378 1298 436 inquit,
1329 382 1492 437 imbuo

112 462 297 506 ⁴*quoque
332 445 471 490 valde
489 443 679 502 pulcher
712 457 762 485 ac
789 443 930 486 bonus
953 452 1028 486 est,
1087 445 1212 502 Quin
1233 448 1492 506 igitursin-

81 551 83 553 .
116 525 281 573 quam,
319 514 434 571 hanc
465 512 558 555 eius
583 519 759 568 partem
781 511 1001 554 nudamus
1030 521 1074 554 et
1090 514 1218 570 prius
1237 531 1371 572 quam
1389 516 1493 576 spe-

118 584 232 626 ciem
278 579 671 655 contemplamur?
714 577 918 636 profecto
950 578 1073 621 enim
1105 595 1244 636 quum
1274 584 1320 624 id
1339 587 1493 639 aetatis

119 651 178 693 sit
206 649 344 693 dissei
347 663 422 691 ere
453 645 542 689 iam
564 644 707 703 gestit.
766 645 891 689 Sane
904 644 1109 702 quidem,
1146 648 1293 704 inquit
1314 650 1513 707 Critias(

119 717 286 781 etenim
322 723 387 758 est
416 714 550 756 eiiam
570 710 862 772 philosophus
886 721 952 766 et,
992 721 1042 756 ut
1064 713 1244 758 videtui
1261 715 1390 760 aliis
1377 722 1492 778 ipsi-

120 799 231 840 que,
263 781 501 825 admodum
523 779 736 838 poeticus.
796 780 892 822 Hoc
927 791 1061 833 vero,
1090 782 1297 839 inquam,
1334 786 1493 831 dilecte

120 851 284 898 Critia,
322 848 577 907 pulchrum
595 847 722 890 vobis
752 846 867 891 inest
897 847 1028 891 altius
1058 849 1242 892 ductum
1274 867 1299 894 a
1317 852 1493 899 Solonis

120 899 398 974 cognatione.
439 926 483 959 at
517 916 699 957 ostende
721 914 835 956 mihi
856 914 1066 958 iuvenem
1086 915 1176 958 huc
1193 933 1381 974 vocans;
1409 938 1493 965 ne·-

120 1000 206 1042 que
229 984 350 1027 enim
374 984 410 1026 si
429 984 583 1026 iuiiior
607 990 720 1023 esset
742 990 874 1039 turpe
897 982 937 1023 ei
959 981 1080 1026 foret
1098 983 1332 1028 nobiscum
1352 990 1494 1032 collo-

119 1050 195 1109 qui
219 1060 274 1094 -te
295 1060 528 1110 praesente
542 1081 554 1104 ,
591 1057 739 1092 tutore
759 1049 991 1104 ,simulque
1010 1051 1228 1107 patruele.
1284 1054 1408 1098 Bene
1423 1052 1494 1100 di..

118 1120 208 1179 cis,
249 1119 419 1176 iuquit,
472 1127 515 1162 et
557 1116 815 1160 vocabimus
864 1131 981 1161 eum.
1039 1117 1185 1161 Simul
1226 1118 1280 1161 ad
1311 1122 1494 1177 pedise-

117 1201 259 1242 quum
291 1201 555 1236 conversus,
591 1184 739 1235 Puer,
769 1183 942 1239 inquit,
980 1199 1088 1227 voca
1108 1185 1396 1232 Charmidem
1419 1191 1496 1234 di·-

117 1269 219 1296 cens
253 1269 327 1296 me
358 1253 473 1295 velle
509 1267 614 1293 eum
643 1249 818 1292 medico
848 1251 1164 1294 commendare
1186 1268 1322 1309 quum
1344 1260 1493 1315 miper

115 1337 163 1363 se
187 1320 355 1364 dixerit
378 1318 637 1362 valitudinis
656 1316 958 1359 imbecillitate
975 1315 1191 1360 laborare.
1240 1321 1358 1364 Mihi
1380 1340 1490 1368 vero

117 1388 234 1430 dixit
250 1387 438 1440 Critias,
474 1386 634 1443 Nuper
659 1399 790 1437 sane,
826 1399 964 1441 quum
987 1400 1121 1427 mane
1143 1398 1347 1443 surgeret
1363 1393 1492 1448 capi·-
1517 1382 1525 1389 '¹

116 1456 172 1498 tis
201 1455 464 1512 gravitatem
498 1459 764 1510 conquestus
799 1458 873 1493 est.
911 1459 955 1494 at
981 1453 1089 1509 quid
1119 1461 1162 1496 te
1189 1454 1379 1512 impedit
1401 1458 1494 1502 fin..

115 1538 221 1580 gere
253 1522 504 1565 remedium
534 1529 579 1562 te
603 1520 718 1563 scire
739 1518 794 1560 ad
824 1518 982 1575 capitis
1005 1521 1304 1576 gravitatem?
1349 1525 1491 1581 Nihil,

115 1591 326 1648 inquamg
355 1591 490 1632 modo
512 1587 677 1630 venito.
735 1585 851 1628 Sane
873 1587 1044 1638 veniet,
1069 1583 1228 1643 inquit.

229 1656 364 1714 Quod
407 1655 541 1698 etiam
579 1653 744 1696 factum
783 1659 861 1693 est.
901 1653 1024 1694 venit
1057 1654 1179 1697 enim
1209 1656 1493 1715 multumque

118 1724 335 1767 excitavit
352 1722 517 1773 risum3
548 1721 735 1777 quisque
759 1718 879 1759 enim
903 1728 1110 1762 nostrum
1130 1721 1206 1776 qui
1232 1724 1493 1767 consideba-

116 1806 215 1834 mus
239 1790 507 1848 proximum
531 1787 664 1831 trusit
687 1786 739 1828 de
758 1785 1000 1836 industria,
1039 1794 1090 1827 ut
1111 1788 1228 1844 apud
1249 1803 1295 1830 se
1315 1789 1394 1832 ille
1416 1806 1492 1850 as-

117 1858 304 1906 sideret,
344 1857 449 1901 dum
480 1870 539 1897 ex
558 1854 620 1897 -iis
651 1853 728 1910 qui
761 1861 964 1895 extremo
990 1852 1089 1894 loco
1115 1854 1324 1898 sedebant
1349 1873 1493 1904 unum

119 1937 376 1981 cogeremus
407 1936 613 1978 surgere,
661 1929 707 1963 et
738 1920 931 1982 alterum*
959 1917 1188 1975 obliquum
1223 1921 1492 1981 deturbare-
1555 1951 1557 1954 -

117 2006 234 2034 mus.
274 1989 352 2031 ille
381 2004 489 2032 vero
519 2003 659 2045 quum
688 1988 881 2030 venisset
910 1987 1027 2028 inter
1048 2002 1119 2028 me
1145 1996 1188 2030 et
1207 1988 1395 2033 Critiam
1419 1988 1491 2034 as-

117 2057 242 2099 sedit.
283 2055 356 2097 hic
387 2064 559 2106 antem,
596 2054 761 2105 amice,
804 2069 884 2110 ego
917 2053 1007 2095 iam
1042 2054 1264 2110 trepidavi
1301 2064 1342 2098 et
1364 2043 1491 2114 prior

115 2123 231 2167 mihi
263 2123 446 2165 audacia
473 2136 658 2164 excussa
687 2129 752 2164 est
785 2137 868 2177 qua
890 2128 1094 2178 putaram
1119 2119 1216 2162 fore
1241 2130 1292 2163 ut
1311 2137 1411 2172 cum
1435 2140 1488 2167 eo

116 2190 334 2249 perfacile
363 2191 657 2246 colloquerer.
696 2203 837 2244 quum
867 2188 985 2229 enim
1013 2186 1174 2229 Critias
1208 2188 1393 2233 dixisset
1417 2207 1490 2234 me

119 2273 213 2300 esse
243 2272 347 2299 eum
384 2258 461 2314 qui
496 2256 745 2298 remedium
776 2255 909 2311 sciret
936 2254 989 2296 ad
1019 2254 1174 2311 capitis
1207 2256 1488 2311 gravitatem,

120 2326 327 2383 adspexit
359 2341 433 2367 me
466 2325 544 2366 ille
577 2324 717 2366 oculis
742 2321 1051 2380 inexplicabili
1071 2322 1263 2378 quodam
1284 2324 1420 2366 modo
1447 2335 1491 2369 et

120 2392 211 2434 iam
239 2393 518 2449 interrogare
542 2391 709 2443 voluit,
749 2389 1039 2432 circumcirca
1070 2403 1255 2446 prorsus
1283 2392 1490 2435 omnibus

121 2458 200 2514 qui
229 2459 276 2500 in
309 2460 525 2516 palaestra
556 2467 682 2500 erant
712 2470 793 2500 nos
823 2455 1260 2509 circumfluentibus3
1301 2465 1441 2509 tum,·
1462 2475 1489 2500 0

122 2540 362 2581 generose,
409 2526 504 2568 vidi
542 2525 760 2568 interiora
804 2523 885 2566 sub
922 2524 1087 2565 amictu
1120 2531 1163 2566 et
1192 2524 1490 2568 inflammatus

122 2607 221 2633 sum
254 2607 335 2634 nec
363 2591 453 2635 iam
480 2592 597 2650 apud
637 2607 707 2633 me
738 2590 806 2633 fui
836 2600 878 2634 et
909 2590 1095 2647 Cydiain
1130 2590 1384 2634 existimavi
1421 2608 1491 2633 sa—

120 2658 453 2716 pientissimum
477 2673 570 2701 esse
594 2657 648 2700 ad
669 2674 740 2702 res
759 2655 1007 2714 amatorias,
1030 2657 1106 2716 qui
1131 2657 1300 2700 dixerit
1317 2657 1370 2699 de
1383 2657 1491 2714 pul-

1076 2722 1219 2767 Dd2
