1734 2872
483 127 1054 187 ³-ssnlv-A'LE8.
1283 156 1287 164 ·
1422 137 1523 190 '367

142 268 201 311 ‘in
230 264 516 326 pln'fosophia
545 265 634 309 tale
662 261 772 321 quid
803 259 1035 321 peeuliare
1057 260 1208 317 vffle‘s,
1242 251 1496 315 huetii-m·
1478 278 1526 306 m

151 335 335 392 reliquis
356 333 419 376 sic
439 332 524 375 tibi
545 330 723 374 videtur
741 337 791 371 se
810 342 882 370 res
905 327 1106 371 habere?
1144 330 1269 373 velut
1277 330 1530 389 'palaestrae

152 401 351 446 studium
370 414 462 443 non
482 399 630 441 solum
651 412 802 440 censes
820 395 1067 453 pulchiurn
1092 399 1201 448 esse,
1221 412 1305 454 vei
1308 412 1384 440 um
1398 399 1532 441 etiam

152 467 353 511 bonum?
382 481 437 509 an
461 465 599 508 non?
656 465 780 507 Tum
809 463 886 507 ille
922 462 1161 506 admodum
1200 448 1406 511 ixridens
1420 464 1534 509 haee

154 537 240 578 duo
275 533 526 592 respondit:
585 532 812 575 Adversus
846 530 990 573 hune
1001 530 1183 587 quidem
1216 532 1330 575 mihi
1362 533 1535 576 dictum

153 611 246 646 esto
265 603 380 645 inud
400 606 612 644 neutrum
636 614 752 652 esse,
781 587 865 642 ti'bi
883 606 1059 649 autem,
1087 597 1297 654 Socrate,
1338 601 1535 644 concedo

154 678 199 715 et
226 670 469 728 pulchrum
502 682 596 710 esse
627 675 671 710 et
691 667 875 709 bonum.
929 666 1051 709 Num
1080 665 1214 708 etiam
1233 667 1281 710 in
1307 670 1536 711 exercita-

142 739 351 782 tionibus
392 737 589 780 multum
622 734 1019 786 laboremficenses
1062 734 1309 791 palaestrae
1341 737 1538 781 studium

143 806 282 849 esse?
339 806 461 848 Tum
479 804 594 854 ille,
638 817 745 845 sane
772 800 982 860 quidem,
1019 800 1194 858 inquit,
1235 806 1534 860 quemadmo-

155 873 262 917 dum
291 873 424 916 etiam
451 865 502 929 in
534 869 898 930 ‘philosophando
929 869 1173 921 multarum
1207 881 1365 915 rerum
1385 873 1537 916 scien-

151 941 264 984 tiam
290 943 400 998 puto
420 939 664 996 sapientiae
683 939 884 980 studium
914 951 1022 981 esse.
1080 936 1230 993 Atque
1268 953 1376 996 ego,
1415 941 1538 994 Cen·
1605 952 1611 956 ·

157 1023 313 1059 sesne,
361 1008 572 1064 inquam,
617 1007 860 1064 palaestrae
901 1004 1048 1046 studio
1078 1004 1248 1047 deditos
1278 1006 1398 1049 aliud
1431 1007 1539 1064 quid

147 1080 372 1133 'appetere
407 1089 539 1131 quam
569 1072 653 1115 hoc
675 1071 793 1130 quod
817 1070 976 1114 efficiat
996 1080 1045 1114 ut
1067 1087 1230 1130 corpus
1251 1072 1366 1115 bene
1389 1090 1436 1122 se
1455 1074 1540 1116 ha-

150 1143 293 1185 beat?
350 1142 449 1185 Hoc
476 1139 640 1196 inquit.
695 1141 772 1183 ‘'An
796 1139 938 1196 igitur
957 1139 1089 1182 mulii
1110 1140 1306 1194 labores,
1335 1142 1540 1198 inquam,

157 1209 357 1253 efficiunt
386 1217 438 1252 ut
469 1221 634 1264 corpus
668 1206 782 1249 bene
813 1222 861 1248 se
888 1205 1083 1250 habeat?
1140 1206 1381 1264 Quomodo
1401 1209 1539 1262 enim,

155 1277 334 1335 inquit,
363 1291 423 1318 ex
442 1274 592 1333 paucis
613 1273 844 1318 laboribus
863 1287 1028 1329 corpus
1050 1274 1281 1331 quisquam
1303 1274 1417 1317 bene
1431 1291 1541 1318 con-

147 1346 358 1388 ‘stitutum
397 1341 590 1384 habeat?
668 1341 819 1398 Atque
865 1339 981 1384 mihi
1029 1340 1152 1383 visus
1196 1342 1262 1385 est
1301 1340 1378 1384 hic
1415 1344 1542 1386 exci-

154 1412 320 1456 tandus
356 1425 450 1454 esse
480 1410 726 1468 palaestrae
755 1406 1001 1459 studiosus»,
1041 1416 1101 1452 ut.
1117 1424 1202 1466 per
1235 1410 1540 1467 gymnasticae

151 1480 265 1524 *artis
291 1478 502 1540 peritiam
529 1477 754 1519 auxilium
780 1473 895 1518 mihi
925 1473 1081 1519 ferret.
1130 1485 1227 1520 tum
1261 1477 1541 1536 interrogavi

151 1551 288 1590 eum·
346 1547 422 1589 Tu
441 1560 550 1588 vero
572 1559 654 1586 cur
674 1551 788 1586 taces
809 1541 964 1594 nobis,
994 1545 1189 1603 optime,
1230 1543 1340 1587 haec
1359 1546 1447 1589 isto
1470 1546 1548 1588 ]ο-’

159 1613 356 1672 quente?
394 1612 536 1655 tibine
567 1625 746 1668 quoque
776 1608 990 1652 videntur
1016 1609 1222 1666 homines
1243 1625 1405 1670 colpus
1429 1614 1541 1656 bene

161 1682 447 1724 constitutum
469 1679 636 1722 habere
658 1692 682 1719 e
706 1676 859 1719 multis
877 1675 1122 1728 labmibus,
1154 1693 1209 1719 an
1233 1680 1381 1736 potius
1404 1695 1542 1722 emo..

163 1749 358 1792 deraiis?
413 1747 663 1804 Equidem,
694 1745 900 1794 somate,
929 1744 1099 1800 inquit,
1123 1745 1394 1800 aibiuabar‚
1423 1748 1539 1804 quod

160 1816 208 1859 in
239 1815 484 1873 proverbio
514 1823 603 1867 est3
629 1815 761 1856 etiam
785 1827 902 1854 nuno
921 1826 995 1853 me
1017 1811 1266 1869 intelligere
1287 1815 1540 1858 moderatos

161 1883 334 1925 labores
368 1897 529 1939 corpus
558 1882 674 1923 bene
707 1879 918 1922 affectum
943 1878 1143 1921 reddere.
1180 1881 1369 1937 quidni?
1400 1898 1540 1938 quum

161 1950 317 1992 virum
355 1949 627 2006 conspiciam
668 1947 953 1998 insomnem,
988 1945 1221 1999 ieiunum,
1269 1949 1431 1991 collum
1460 1950 1542 1991 ha-

161 2017 342 2059 bentem
368 2030 460 2057 non
479 2015 633 2058 tritum
655 2023 698 2058 et
720 2022 901 2056 tenuem
921 2028 1004 2070 per
1025 2029 1152 2057 curas
1168 2016 1189 2057 '2
1237 2015 1374 2073 Quod
1400 2031 1542 2073 quum

165 2082 353 2126 dixisset
371 2081 575 2124 delectati
596 2089 700 2125 sunt
716 2081 903 2122 iuvenes
924 2087 967 2121 et
987 2081 1234 2126 arriserunt
1247 2113 1257 2132 ‚
1298 2081 1410 2125 alter
1431 2099 1541 2128 vero

166 2149 360 2193 erubuit.
426 2150 548 2192 Tum
589 2163 670 2206 ego
706 2148 827 2205 Quid
865 2147 1024 2205 igitur,
1063 2148 1270 2205 inquam,
1310 2158 1420 2192 tune
1448 2151 1540 2195 iam

167 2217 373 2261 concedis
406 2233 553 2274 neque
588 2218 752 2260 mullos
783 2230 927 2272 neque
957 2229 1120 2273 paucos
1142 2216 1314 2259 labores
1339 2218 1450 2260 bene
1472 2218 1541 2261 af-

165 2285 334 2328 fectum
357 2284 615 2328 hominibus
637 2298 800 2341 corpus
823 2282 1033 2330 reddere,
1061 2283 1136 2325 sed
1166 2284 1416 2328 moderatos
1432 2287 1453 2328 ¹?
1483 2302 1540 2330 an

167 2367 338 2410 pugnas
362 2353 571 2395 adversus
590 2367 669 2395 nos
690 2351 766 2408 qui
791 2350 876 2392 duo
901 2365 1053 2392 sumus
1076 2365 1161 2408 pro
1186 2355 1402 2397 sententia
1433 2356 1539 2398 tua?

171 2419 292 2462 Tum
315 2419 387 2463 ille
408 2421 524 2463 Cum
544 2420 631 2461 hoc
660 2417 841 2476 quidem
856 2449 868 2470 ,
895 2417 1065 2474 inquit,
1095 2419 1371 2476 perlibenter
1393 2433 1536 2466 certa-

92 2499 99 2503 ’
169 2500 292 2537 rem,
334 2495 381 2530 et
410 2488 551 2544 probe
579 2487 668 2529 scio
702 2500 775 2528 me
803 2484 1047 2527 valiturum
1080 2502 1172 2528 esse
1198 2487 1250 2529 ad
1274 2491 1538 2532 sententiam

169 2569 194 2595 a
217 2568 288 2594 me
312 2554 588 2612 propositam
611 2552 947 2603 defendendam,
972 2553 1143 2597 etiamsi
1166 2553 1247 2597 hac-
1262 2557 1393 2599 eiiam
1407 2558 1540 2598 vilio-

170 2635 268 2662 rem
292 2621 627 2678 proposuissem
648 2619 800 2676 (homo
824 2627 888 2662 est
901 2619 1203 2673 enimuihifi),
1229 2631 1372 2666 tecum
1387 2632 1536 2666 autem
