<?xml version="1.0" encoding="UTF-8"?>
<!DOCTYPE html PUBLIC "-//W3C//DTD XHTML 1.0 Transitional//EN"
    "http://www.w3.org/TR/xhtml1/DTD/xhtml1-transitional.dtd">
<html xmlns="http://www.w3.org/1999/xhtml" xml:lang="en" lang="en">
 <head>
  <title>
</title>
<meta http-equiv="Content-Type" content="text/html;charset=utf-8" />
  <meta name='ocr-system' content='tesseract 3.04.00' />
  <meta name='ocr-capabilities' content='ocr_page ocr_carea ocr_par ocr_line ocrx_word'/>
</head>
<body>
  <div class='ocr_page' id='page_1' title='image "./quaeexstantopera08platuoft_0057.png"; bbox 0 0 1754 2912; ppageno 0'>
   <div class='ocr_carea' id='block_1_1' title="bbox 615 206 1480 261">
    <p class='ocr_par' dir='ltr' id='par_1_1' title="bbox 615 206 1480 261">
     <span class='ocr_line' id='line_1_1' title="bbox 615 206 1480 261; baseline 0.002 -7"><span class='ocrx_word' id='word_1_1' title='bbox 615 206 979 261; x_wconf 23' lang='lat' dir='ltr'><strong>EPIJNOMIS.</strong></span> <span class='ocrx_word' id='word_1_2' title='bbox 1420 215 1480 256; x_wconf 33' lang='lat'>4⁷9</span> 
     </span>
    </p>
   </div>
   <div class='ocr_carea' id='block_1_2' title="bbox 96 319 1504 2726">
    <p class='ocr_par' dir='ltr' id='par_1_2' title="bbox 96 319 1504 2726">
     <span class='ocr_line' id='line_1_2' title="bbox 108 319 1488 388; baseline 0.001 -16"><span class='ocrx_word' id='word_1_3' title='bbox 108 319 337 388; x_wconf 61' lang='grc' dir='ltr'>ἱῃιξιιῑίειηι</span> <span class='ocrx_word' id='word_1_4' title='bbox 369 337 395 373; x_wconf 74' lang='lat' dir='ltr'>a</span> <span class='ocrx_word' id='word_1_5' title='bbox 448 326 763 388; x_wconf 80' lang='lat' dir='ltr'>superioribus</span> <span class='ocrx_word' id='word_1_6' title='bbox 786 341 894 385; x_wconf 55' lang='lat' dir='ltr'>gnos</span> <span class='ocrx_word' id='word_1_7' title='bbox 947 325 1130 386; x_wconf 76' lang='lat' dir='ltr'>negligi.‘</span> <span class='ocrx_word' id='word_1_8' title='bbox 1158 359 1162 362; x_wconf 87' lang='lat'><em>-</em></span> <span class='ocrx_word' id='word_1_9' title='bbox 1202 327 1488 386; x_wconf 82' lang='lat' dir='ltr'>cogitandum</span> 
     </span>
     <span class='ocr_line' id='line_1_3' title="bbox 105 394 1503 455; baseline -0.004 -11"><span class='ocrx_word' id='word_1_10' title='bbox 105 396 263 455; x_wconf 34' lang='lat' dir='ltr'>autem,</span> <span class='ocrx_word' id='word_1_11' title='bbox 297 395 458 442; x_wconf 9' lang='lat' dir='ltr'>ioeihis</span> <span class='ocrx_word' id='word_1_12' title='bbox 501 395 721 450; x_wconf 22' lang='lat' dir='ltr'>omnibus·</span> <span class='ocrx_word' id='word_1_13' title='bbox 751 394 863 448; x_wconf 76' lang='lat' dir='ltr'>hoc,</span> <span class='ocrx_word' id='word_1_14' title='bbox 925 394 964 436; x_wconf 84' lang='lat' dir='ltr'>si</span> <span class='ocrx_word' id='word_1_15' title='bbox 1004 396 1103 451; x_wconf 87' lang='lat' dir='ltr'>quis</span> <span class='ocrx_word' id='word_1_16' title='bbox 1148 395 1323 453; x_wconf 82' lang='lat' dir='ltr'>singula</span> <span class='ocrx_word' id='word_1_17' title='bbox 1360 405 1503 446; x_wconf 75' lang='lat' dir='ltr'>rectev</span> 
     </span>
     <span class='ocr_line' id='line_1_4' title="bbox 102 459 1487 527; baseline -0.004 -16"><span class='ocrx_word' id='word_1_18' title='bbox 102 467 326 527; x_wconf 85' lang='lat' dir='ltr'>percipiat</span> <span class='ocrx_word' id='word_1_19' title='bbox 345 496 358 518; x_wconf 90' lang='lat'>,</span> <span class='ocrx_word' id='word_1_20' title='bbox 406 459 630 520; x_wconf 42' lang='lat' dir='ltr'>*magnam</span> <span class='ocrx_word' id='word_1_21' title='bbox 688 461 795 504; x_wconf 87' lang='lat' dir='ltr'>inde</span> <span class='ocrx_word' id='word_1_22' title='bbox 845 461 1084 512; x_wconf 72' lang='lat' dir='ltr'>utilitatem</span> <span class='ocrx_word' id='word_1_23' title='bbox 1137 461 1401 521; x_wconf 82' lang='lat' dir='ltr'>redundare</span> <span class='ocrx_word' id='word_1_24' title='bbox 1430 461 1487 507; x_wconf 83' lang='lat' dir='ltr'>ad</span> 
     </span>
     <span class='ocr_line' id='line_1_5' title="bbox 103 527 1504 590; baseline -0.001 -15"><span class='ocrx_word' id='word_1_25' title='bbox 103 551 227 590; x_wconf 63' lang='lat' dir='ltr'>eumv</span> <span class='ocrx_word' id='word_1_26' title='bbox 249 533 327 590; x_wconf 91' lang='lat' dir='ltr'>qui</span> <span class='ocrx_word' id='word_1_27' title='bbox 356 530 488 587; x_wconf 85' lang='lat' dir='ltr'>modo</span> <span class='ocrx_word' id='word_1_28' title='bbox 513 527 760 588; x_wconf 75' lang='lat' dir='ltr'>percipiat,</span> <span class='ocrx_word' id='word_1_29' title='bbox 803 529 872 572; x_wconf 85' lang='lat' dir='ltr'>sin</span> <span class='ocrx_word' id='word_1_30' title='bbox 902 529 1076 583; x_wconf 86' lang='lat' dir='ltr'>minus,</span> <span class='ocrx_word' id='word_1_31' title='bbox 1105 530 1264 572; x_wconf 84' lang='lat' dir='ltr'>melius</span> <span class='ocrx_word' id='word_1_32' title='bbox 1302 546 1504 589; x_wconf 79' lang='lat' dir='ltr'>semper.</span> 
     </span>
     <span class='ocr_line' id='line_1_6' title="bbox 103 596 1502 658; baseline -0.002 -13"><span class='ocrx_word' id='word_1_33' title='bbox 103 617 198 645; x_wconf 91' lang='lat' dir='ltr'>esse</span> <span class='ocrx_word' id='word_1_34' title='bbox 240 602 390 657; x_wconf 83' lang='lat' dir='ltr'>deum</span> <span class='ocrx_word' id='word_1_35' title='bbox 407 598 628 642; x_wconf 85' lang='lat' dir='ltr'>invocare.</span> <span class='ocrx_word' id='word_1_36' title='bbox 685 596 846 641; x_wconf 85' lang='lat' dir='ltr'>modus</span> <span class='ocrx_word' id='word_1_37' title='bbox 884 613 993 640; x_wconf 87' lang='lat' dir='ltr'>vero</span> <span class='ocrx_word' id='word_1_38' title='bbox 1032 596 1070 639; x_wconf 87' lang='lat' dir='ltr'>is</span> <span class='ocrx_word' id='word_1_39' title='bbox 1111 605 1200 639; x_wconf 84' lang='lat' dir='ltr'>est:</span> <span class='ocrx_word' id='word_1_40' title='bbox 1243 597 1331 642; x_wconf 86' lang='lat' dir='ltr'>hoc</span> <span class='ocrx_word' id='word_1_41' title='bbox 1360 599 1502 658; x_wconf 38' lang='lat' dir='ltr'>certe}</span> 
     </span>
     <span class='ocr_line' id='line_1_7' title="bbox 101 660 1503 742; baseline -0.005 -29"><span class='ocrx_word' id='word_1_42' title='bbox 101 670 238 717; x_wconf 83' lang='lat' dir='ltr'>nobis</span> <span class='ocrx_word' id='word_1_43' title='bbox 283 660 621 726; x_wconf 65' lang='lat' dir='ltr'>exponendum..</span> <span class='ocrx_word' id='word_1_44' title='bbox 693 664 896 722; x_wconf 85' lang='lat' dir='ltr'>quamvis</span> <span class='ocrx_word' id='word_1_45' title='bbox 947 664 1321 742; x_wconf 75' lang='lat' dir='ltr'><strong>descriptionem,</strong></span> <span class='ocrx_word' id='word_1_46' title='bbox 1390 682 1503 712; x_wconf 49' lang='lat' dir='ltr'>nup&lt;</span> 
     </span>
     <span class='ocr_line' id='line_1_8' title="bbox 101 731 1486 810; baseline 0 -35"><span class='ocrx_word' id='word_1_47' title='bbox 101 737 255 781; x_wconf 78' lang='lat' dir='ltr'>meri</span> <span class='ocrx_word' id='word_1_48' title='bbox 271 734 667 796; x_wconf 75' lang='lat' dir='ltr'>compositionem,</span> <span class='ocrx_word' id='word_1_49' title='bbox 705 741 968 810; x_wconf 49' lang='lat' dir='ltr'>„concentus</span> <span class='ocrx_word' id='word_1_50' title='bbox 1015 731 1394 795; x_wconf 76' lang='lat' dir='ltr'>conspirationem</span> <span class='ocrx_word' id='word_1_51' title='bbox 1429 740 1486 778; x_wconf 82' lang='lat' dir='ltr'>et</span> 
     </span>
     <span class='ocr_line' id='line_1_9' title="bbox 102 793 1495 848; baseline -0.002 0"><span class='ocrx_word' id='word_1_52' title='bbox 102 793 322 848; x_wconf 81' lang='lat' dir='ltr'>astr01i1m</span> <span class='ocrx_word' id='word_1_53' title='bbox 343 801 408 846; x_wconf 75' lang='lat' dir='ltr'>cil</span> <span class='ocrx_word' id='word_1_54' title='bbox 411 802 553 844; x_wconf 84' lang='lat' dir='ltr'>cuitus</span> <span class='ocrx_word' id='word_1_55' title='bbox 575 796 935 844; x_wconf 77' lang='lat' dir='ltr'>convenientiam</span> <span class='ocrx_word' id='word_1_56' title='bbox 958 816 1096 844; x_wconf 86' lang='lat' dir='ltr'>unam</span> <span class='ocrx_word' id='word_1_57' title='bbox 1117 810 1160 844; x_wconf 79' lang='lat' dir='ltr'>et</span> <span class='ocrx_word' id='word_1_58' title='bbox 1182 801 1369 845; x_wconf 85' lang='lat' dir='ltr'>eandem</span> <span class='ocrx_word' id='word_1_59' title='bbox 1387 818 1495 848; x_wconf 70' lang='lat' dir='ltr'>esse</span> 
     </span>
     <span class='ocr_line' id='line_1_10' title="bbox 101 868 1484 932; baseline -0.001 -17"><span class='ocrx_word' id='word_1_60' title='bbox 101 873 306 915; x_wconf 89' lang='lat' dir='ltr'>omnium</span> <span class='ocrx_word' id='word_1_61' title='bbox 333 869 593 928; x_wconf 84' lang='lat' dir='ltr'>perspicere</span> <span class='ocrx_word' id='word_1_62' title='bbox 622 878 802 926; x_wconf 82' lang='lat' dir='ltr'>oportet</span> <span class='ocrx_word' id='word_1_63' title='bbox 835 878 958 914; x_wconf 86' lang='lat' dir='ltr'>recte</span> <span class='ocrx_word' id='word_1_64' title='bbox 991 868 1260 921; x_wconf 76' lang='lat' dir='ltr'>discentem,</span> <span class='ocrx_word' id='word_1_65' title='bbox 1298 871 1484 932; x_wconf 60' lang='grc' dir='ltr'>1113ιέΡί-ἱ</span> 
     </span>
     <span class='ocr_line' id='line_1_11' title="bbox 101 932 1482 993; baseline 0 -12"><span class='ocrx_word' id='word_1_66' title='bbox 101 941 187 982; x_wconf 87' lang='lat' dir='ltr'>ciet</span> <span class='ocrx_word' id='word_1_67' title='bbox 209 954 318 982; x_wconf 87' lang='lat' dir='ltr'>vero</span> <span class='ocrx_word' id='word_1_68' title='bbox 333 970 347 988; x_wconf 94' lang='lat'><em>,</em></span> <span class='ocrx_word' id='word_1_69' title='bbox 374 937 438 988; x_wconf 85' lang='lat' dir='ltr'>si,</span> <span class='ocrx_word' id='word_1_70' title='bbox 470 936 588 993; x_wconf 80' lang='lat' dir='ltr'>quod</span> <span class='ocrx_word' id='word_1_71' title='bbox 609 934 826 988; x_wconf 83' lang='lat' dir='ltr'>dicimus,</span> <span class='ocrx_word' id='word_1_72' title='bbox 868 944 990 979; x_wconf 86' lang='lat' dir='ltr'>recte</span> <span class='ocrx_word' id='word_1_73' title='bbox 1014 934 1114 992; x_wconf 87' lang='lat' dir='ltr'>quis</span> <span class='ocrx_word' id='word_1_74' title='bbox 1137 950 1281 978; x_wconf 91' lang='lat' dir='ltr'>unum</span> <span class='ocrx_word' id='word_1_75' title='bbox 1300 932 1482 982; x_wconf 84' lang='lat' dir='ltr'>intuens</span> 
     </span>
     <span class='ocr_line' id='line_1_12' title="bbox 102 1001 1481 1060; baseline -0.001 -11"><span class='ocrx_word' id='word_1_76' title='bbox 102 1008 264 1059; x_wconf 81' lang='lat' dir='ltr'>discat3</span> <span class='ocrx_word' id='word_1_77' title='bbox 301 1005 534 1049; x_wconf 86' lang='lat' dir='ltr'>vinculum</span> <span class='ocrx_word' id='word_1_78' title='bbox 567 1001 689 1044; x_wconf 84' lang='lat' dir='ltr'>enim</span> <span class='ocrx_word' id='word_1_79' title='bbox 722 1018 811 1060; x_wconf 89' lang='lat' dir='ltr'>quo</span> <span class='ocrx_word' id='word_1_80' title='bbox 839 1002 950 1045; x_wconf 81' lang='lat' dir='ltr'>haee</span> <span class='ocrx_word' id='word_1_81' title='bbox 980 1002 1311 1047; x_wconf 61' lang='lat' dir='ltr'>omnia‘nat&#39;ura</span> <span class='ocrx_word' id='word_1_82' title='bbox 1332 1006 1481 1048; x_wconf 75' lang='lat' dir='ltr'>conti-</span> 
     </span>
     <span class='ocr_line' id='line_1_13' title="bbox 102 1069 1483 1128; baseline -0.001 -12"><span class='ocrx_word' id='word_1_83' title='bbox 102 1081 294 1117; x_wconf 86' lang='lat' dir='ltr'>neantur</span> <span class='ocrx_word' id='word_1_84' title='bbox 332 1087 478 1113; x_wconf 88' lang='lat' dir='ltr'>unum</span> <span class='ocrx_word' id='word_1_85' title='bbox 509 1071 763 1127; x_wconf 80' lang='lat' dir='ltr'>reperietur</span> <span class='ocrx_word' id='word_1_86' title='bbox 794 1071 1017 1128; x_wconf 82' lang='lat' dir='ltr'>cogitans3</span> <span class='ocrx_word' id='word_1_87' title='bbox 1058 1069 1096 1111; x_wconf 90' lang='lat' dir='ltr'>si</span> <span class='ocrx_word' id='word_1_88' title='bbox 1130 1084 1242 1112; x_wconf 87' lang='lat' dir='ltr'>vero</span> <span class='ocrx_word' id='word_1_89' title='bbox 1277 1071 1363 1114; x_wconf 80' lang='lat' dir='ltr'>alio</span> <span class='ocrx_word' id='word_1_90' title='bbox 1392 1087 1483 1128; x_wconf 89' lang='lat' dir='ltr'>quo</span> 
     </span>
     <span class='ocr_line' id='line_1_14' title="bbox 102 1136 1484 1195; baseline 0 -12"><span class='ocrx_word' id='word_1_91' title='bbox 102 1141 235 1184; x_wconf 86' lang='lat' dir='ltr'>modo</span> <span class='ocrx_word' id='word_1_92' title='bbox 261 1139 369 1181; x_wconf 81' lang='lat' dir='ltr'>haec</span> <span class='ocrx_word' id='word_1_93' title='bbox 390 1137 610 1195; x_wconf 85' lang='lat' dir='ltr'>quispiam</span> <span class='ocrx_word' id='word_1_94' title='bbox 636 1147 922 1194; x_wconf 83' lang='lat' dir='ltr'>assequetur,</span> <span class='ocrx_word' id='word_1_95' title='bbox 946 1137 1175 1179; x_wconf 84' lang='lat' dir='ltr'>fortunam</span> <span class='ocrx_word' id='word_1_96' title='bbox 1200 1136 1284 1179; x_wconf 91' lang='lat' dir='ltr'>hoc</span> <span class='ocrx_word' id='word_1_97' title='bbox 1302 1148 1484 1195; x_wconf 81' lang='lat' dir='ltr'>oportet:</span> 
     </span>
     <span class='ocr_line' id='line_1_15' title="bbox 99 1204 1481 1261; baseline -0.001 -11"><span class='ocrx_word' id='word_1_98' title='bbox 99 1206 350 1256; x_wconf 86' lang='lat' dir='ltr'>nominari,</span> <span class='ocrx_word' id='word_1_99' title='bbox 389 1204 762 1261; x_wconf 76' lang='lat' dir='ltr'>quemadmodum</span> <span class='ocrx_word' id='word_1_100' title='bbox 782 1205 916 1248; x_wconf 80' lang='lat' dir='ltr'>etiam</span> <span class='ocrx_word' id='word_1_101' title='bbox 936 1205 1151 1258; x_wconf 73' lang='lat' dir='ltr'>dicimu33</span> <span class='ocrx_word' id='word_1_102' title='bbox 1190 1219 1336 1261; x_wconf 89' lang='lat' dir='ltr'>neque</span> <span class='ocrx_word' id='word_1_103' title='bbox 1356 1207 1481 1249; x_wconf 88' lang='lat' dir='ltr'>enim</span> 
     </span>
     <span class='ocr_line' id='line_1_16' title="bbox 100 1270 1482 1328; baseline -0.001 -11"><span class='ocrx_word' id='word_1_104' title='bbox 100 1275 196 1317; x_wconf 88' lang='lat' dir='ltr'>sine</span> <span class='ocrx_word' id='word_1_105' title='bbox 227 1274 296 1315; x_wconf 80' lang='lat' dir='ltr'>his</span> <span class='ocrx_word' id='word_1_106' title='bbox 319 1273 472 1315; x_wconf 88' lang='lat' dir='ltr'>beatus</span> <span class='ocrx_word' id='word_1_107' title='bbox 491 1284 704 1328; x_wconf 84' lang='lat' dir='ltr'>umquam</span> <span class='ocrx_word' id='word_1_108' title='bbox 728 1270 887 1326; x_wconf 86' lang='lat' dir='ltr'>aliquis</span> <span class='ocrx_word' id='word_1_109' title='bbox 908 1270 958 1313; x_wconf 88' lang='lat' dir='ltr'>in</span> <span class='ocrx_word' id='word_1_110' title='bbox 980 1271 1231 1314; x_wconf 83' lang='lat' dir='ltr'>civitatibus</span> <span class='ocrx_word' id='word_1_111' title='bbox 1255 1272 1363 1322; x_wconf 84' lang='lat' dir='ltr'>erit,</span> <span class='ocrx_word' id='word_1_112' title='bbox 1402 1271 1482 1316; x_wconf 84' lang='lat' dir='ltr'>sed</span> 
     </span>
     <span class='ocr_line' id='line_1_17' title="bbox 98 1332 1481 1396; baseline 0 -12"><span class='ocrx_word' id='word_1_113' title='bbox 98 1341 174 1384; x_wconf 81' lang='lat' dir='ltr'>hie</span> <span class='ocrx_word' id='word_1_114' title='bbox 206 1350 270 1383; x_wconf 86' lang='lat' dir='ltr'>est</span> <span class='ocrx_word' id='word_1_115' title='bbox 296 1332 481 1392; x_wconf 78' lang='lat' dir='ltr'>modus,</span> <span class='ocrx_word' id='word_1_116' title='bbox 519 1339 628 1380; x_wconf 83' lang='lat' dir='ltr'>haec</span> <span class='ocrx_word' id='word_1_117' title='bbox 658 1337 902 1390; x_wconf 81' lang='lat' dir='ltr'>institutio,</span> <span class='ocrx_word' id='word_1_118' title='bbox 946 1338 1030 1381; x_wconf 85' lang='lat' dir='ltr'>hae</span> <span class='ocrx_word' id='word_1_119' title='bbox 1062 1338 1346 1396; x_wconf 85' lang='lat' dir='ltr'>disciplinae,</span> <span class='ocrx_word' id='word_1_120' title='bbox 1382 1342 1481 1384; x_wconf 79' lang='lat' dir='ltr'>sive</span> 
     </span>
     <span class='ocr_line' id='line_1_18' title="bbox 99 1402 1479 1464; baseline -0.001 -12"><span class='ocrx_word' id='word_1_121' title='bbox 99 1408 298 1452; x_wconf 85' lang='lat' dir='ltr'>difficiles</span> <span class='ocrx_word' id='word_1_122' title='bbox 309 1409 402 1450; x_wconf 87' lang='lat' dir='ltr'>sive</span> <span class='ocrx_word' id='word_1_123' title='bbox 416 1406 582 1460; x_wconf 75' lang='lat' dir='ltr'>faciles,</span> <span class='ocrx_word' id='word_1_124' title='bbox 599 1407 661 1449; x_wconf 82' lang='lat' dir='ltr'>ita</span> <span class='ocrx_word' id='word_1_125' title='bbox 669 1405 1049 1464; x_wconf 80' lang='lat' dir='ltr'>progrediendum</span> <span class='ocrx_word' id='word_1_126' title='bbox 1061 1423 1076 1460; x_wconf 83' lang='lat'><em>3</em></span> <span class='ocrx_word' id='word_1_127' title='bbox 1098 1402 1221 1448; x_wconf 79' lang='lat' dir='ltr'>nefas</span> <span class='ocrx_word' id='word_1_128' title='bbox 1234 1415 1383 1451; x_wconf 84' lang='lat' dir='ltr'>autem</span> <span class='ocrx_word' id='word_1_129' title='bbox 1394 1424 1479 1451; x_wconf 87' lang='lat' dir='ltr'>ne·-</span> 
     </span>
     <span class='ocr_line' id='line_1_19' title="bbox 98 1473 1479 1534; baseline -0.001 -15"><span class='ocrx_word' id='word_1_130' title='bbox 98 1476 265 1534; x_wconf 87' lang='lat' dir='ltr'>gligere</span> <span class='ocrx_word' id='word_1_131' title='bbox 285 1475 402 1526; x_wconf 87' lang='lat' dir='ltr'>deos,</span> <span class='ocrx_word' id='word_1_132' title='bbox 422 1489 561 1532; x_wconf 88' lang='lat' dir='ltr'>quum</span> <span class='ocrx_word' id='word_1_133' title='bbox 577 1474 775 1533; x_wconf 81' lang='lat' dir='ltr'>patuerit</span> <span class='ocrx_word' id='word_1_134' title='bbox 788 1473 841 1515; x_wconf 76' lang='lat' dir='ltr'>(le</span> <span class='ocrx_word' id='word_1_135' title='bbox 854 1474 1059 1516; x_wconf 86' lang='lat' dir='ltr'>omnibus</span> <span class='ocrx_word' id='word_1_136' title='bbox 1072 1473 1134 1516; x_wconf 91' lang='lat' dir='ltr'>eis</span> <span class='ocrx_word' id='word_1_137' title='bbox 1149 1486 1258 1531; x_wconf 86' lang='lat' dir='ltr'>quae</span> <span class='ocrx_word' id='word_1_138' title='bbox 1271 1484 1392 1518; x_wconf 83' lang='lat' dir='ltr'>recte</span> <span class='ocrx_word' id='word_1_139' title='bbox 1404 1476 1479 1520; x_wconf 83' lang='lat' dir='ltr'>di·-</span> 
     </span>
     <span class='ocr_line' id='line_1_20' title="bbox 99 1540 1478 1602; baseline 0.001 -17"><span class='ocrx_word' id='word_1_140' title='bbox 99 1543 217 1586; x_wconf 83' lang='lat' dir='ltr'>citur</span> <span class='ocrx_word' id='word_1_141' title='bbox 241 1542 360 1585; x_wconf 84' lang='lat' dir='ltr'>fama</span> <span class='ocrx_word' id='word_1_142' title='bbox 378 1542 615 1585; x_wconf 80' lang='lat' dir='ltr'>fortunata.</span> <span class='ocrx_word' id='word_1_143' title='bbox 645 1557 750 1584; x_wconf 91' lang='lat' dir='ltr'>eum</span> <span class='ocrx_word' id='word_1_144' title='bbox 773 1556 882 1583; x_wconf 88' lang='lat' dir='ltr'>vero</span> <span class='ocrx_word' id='word_1_145' title='bbox 907 1541 985 1598; x_wconf 90' lang='lat' dir='ltr'>qui</span> <span class='ocrx_word' id='word_1_146' title='bbox 1004 1540 1156 1583; x_wconf 86' lang='lat' dir='ltr'>omnia</span> <span class='ocrx_word' id='word_1_147' title='bbox 1178 1542 1286 1585; x_wconf 82' lang='lat' dir='ltr'>haec</span> <span class='ocrx_word' id='word_1_148' title='bbox 1299 1543 1357 1586; x_wconf 86' lang='lat' dir='ltr'>ita</span> <span class='ocrx_word' id='word_1_149' title='bbox 1366 1559 1478 1602; x_wconf 75' lang='lat' dir='ltr'>per-¹</span> 
     </span>
     <span class='ocr_line' id='line_1_21' title="bbox 98 1608 1477 1668; baseline 0.002 -16"><span class='ocrx_word' id='word_1_150' title='bbox 98 1608 378 1668; x_wconf 82' lang='lat' dir='ltr'>ceperitdico</span> <span class='ocrx_word' id='word_1_151' title='bbox 397 1626 490 1653; x_wconf 90' lang='lat' dir='ltr'>esse</span> <span class='ocrx_word' id='word_1_152' title='bbox 510 1610 743 1653; x_wconf 87' lang='lat' dir='ltr'>verissime</span> <span class='ocrx_word' id='word_1_153' title='bbox 758 1608 1166 1666; x_wconf 82' lang='lat' dir='ltr'>sapientissimum3</span> <span class='ocrx_word' id='word_1_154' title='bbox 1197 1625 1328 1666; x_wconf 89' lang='lat' dir='ltr'>quem</span> <span class='ocrx_word' id='word_1_155' title='bbox 1341 1611 1477 1656; x_wconf 83' lang='lat' dir='ltr'>etiam</span> 
     </span>
     <span class='ocr_line' id='line_1_22' title="bbox 96 1676 1475 1736; baseline 0.001 -17"><span class='ocrx_word' id='word_1_156' title='bbox 96 1693 182 1736; x_wconf 89' lang='lat' dir='ltr'>pro</span> <span class='ocrx_word' id='word_1_157' title='bbox 215 1685 337 1719; x_wconf 87' lang='lat' dir='ltr'>certo</span> <span class='ocrx_word' id='word_1_158' title='bbox 360 1677 531 1720; x_wconf 84' lang='lat' dir='ltr'>affirmo</span> <span class='ocrx_word' id='word_1_159' title='bbox 566 1693 650 1735; x_wconf 89' lang='lat' dir='ltr'>per</span> <span class='ocrx_word' id='word_1_160' title='bbox 684 1677 835 1718; x_wconf 85' lang='lat' dir='ltr'>iocum</span> <span class='ocrx_word' id='word_1_161' title='bbox 865 1685 908 1719; x_wconf 88' lang='lat' dir='ltr'>et</span> <span class='ocrx_word' id='word_1_162' title='bbox 926 1676 1068 1729; x_wconf 88' lang='lat' dir='ltr'>serio,</span> <span class='ocrx_word' id='word_1_163' title='bbox 1105 1676 1143 1719; x_wconf 83' lang='lat' dir='ltr'>si</span> <span class='ocrx_word' id='word_1_164' title='bbox 1164 1684 1308 1721; x_wconf 87' lang='lat' dir='ltr'>morte</span> <span class='ocrx_word' id='word_1_165' title='bbox 1329 1678 1475 1725; x_wconf 82' lang='lat' dir='ltr'>fatum</span> 
     </span>
     <span class='ocr_line' id='line_1_23' title="bbox 98 1740 1478 1802; baseline 0.002 -16"><span class='ocrx_word' id='word_1_166' title='bbox 98 1760 230 1787; x_wconf 88' lang='lat' dir='ltr'>suum</span> <span class='ocrx_word' id='word_1_167' title='bbox 266 1745 540 1802; x_wconf 80' lang='lat' dir='ltr'>expleverit,</span> <span class='ocrx_word' id='word_1_168' title='bbox 600 1740 733 1789; x_wconf 84' lang='lat' dir='ltr'>etiam</span> <span class='ocrx_word' id='word_1_169' title='bbox 774 1759 911 1801; x_wconf 91' lang='lat' dir='ltr'>quum</span> <span class='ocrx_word' id='word_1_170' title='bbox 943 1751 1150 1787; x_wconf 82' lang='lat' dir='ltr'>mortuus</span> <span class='ocrx_word' id='word_1_171' title='bbox 1181 1743 1342 1798; x_wconf 77' lang='lat' dir='ltr'>fuerit,</span> <span class='ocrx_word' id='word_1_172' title='bbox 1380 1745 1478 1790; x_wconf 68' lang='lat' dir='ltr'>iam‘</span> 
     </span>
     <span class='ocr_line' id='line_1_24' title="bbox 98 1810 1479 1871; baseline 0.003 -17"><span class='ocrx_word' id='word_1_173' title='bbox 98 1827 190 1854; x_wconf 86' lang='lat' dir='ltr'>non</span> <span class='ocrx_word' id='word_1_174' title='bbox 221 1815 489 1866; x_wconf 74' lang='lat' dir='ltr'>multorum,</span> <span class='ocrx_word' id='word_1_175' title='bbox 526 1813 641 1856; x_wconf 85' lang='lat' dir='ltr'>sicut</span> <span class='ocrx_word' id='word_1_176' title='bbox 668 1827 788 1854; x_wconf 89' lang='lat' dir='ltr'>nunc</span> <span class='ocrx_word' id='word_1_177' title='bbox 803 1844 815 1866; x_wconf 90' lang='lat'>‚</span> <span class='ocrx_word' id='word_1_178' title='bbox 841 1826 1055 1856; x_wconf 88' lang='lat' dir='ltr'>sensuum</span> <span class='ocrx_word' id='word_1_179' title='bbox 1073 1810 1171 1855; x_wconf 86' lang='lat' dir='ltr'>fore</span> <span class='ocrx_word' id='word_1_180' title='bbox 1190 1812 1479 1871; x_wconf 82' lang='lat' dir='ltr'>participem,&#39;</span> 
     </span>
     <span class='ocr_line' id='line_1_25' title="bbox 99 1877 1475 1938; baseline 0.004 -19"><span class='ocrx_word' id='word_1_181' title='bbox 99 1877 176 1920; x_wconf 83' lang='lat' dir='ltr'>sed</span> <span class='ocrx_word' id='word_1_182' title='bbox 200 1894 335 1922; x_wconf 86' lang='lat' dir='ltr'>unam</span> <span class='ocrx_word' id='word_1_183' title='bbox 367 1889 531 1924; x_wconf 87' lang='lat' dir='ltr'>sortem</span> <span class='ocrx_word' id='word_1_184' title='bbox 561 1878 771 1938; x_wconf 81' lang='lat' dir='ltr'>adeptum</span> <span class='ocrx_word' id='word_1_185' title='bbox 805 1880 1038 1936; x_wconf 87' lang='lat' dir='ltr'>solumque</span> <span class='ocrx_word' id='word_1_186' title='bbox 1067 1889 1110 1924; x_wconf 90' lang='lat' dir='ltr'>et</span> <span class='ocrx_word' id='word_1_187' title='bbox 1141 1895 1281 1924; x_wconf 88' lang='lat' dir='ltr'>unum</span> <span class='ocrx_word' id='word_1_188' title='bbox 1307 1895 1331 1922; x_wconf 90' lang='lat' dir='ltr'>e</span> <span class='ocrx_word' id='word_1_189' title='bbox 1351 1883 1475 1924; x_wconf 86' lang='lat' dir='ltr'>mul-</span> 
     </span>
     <span class='ocr_line' id='line_1_26' title="bbox 99 1944 1477 2006; baseline 0.001 -18"><span class='ocrx_word' id='word_1_190' title='bbox 99 1945 154 1988; x_wconf 80' lang='lat' dir='ltr'>tis</span> <span class='ocrx_word' id='word_1_191' title='bbox 182 1944 349 1989; x_wconf 87' lang='lat' dir='ltr'>factum</span> <span class='ocrx_word' id='word_1_192' title='bbox 377 1947 555 1991; x_wconf 85' lang='lat' dir='ltr'>beatum</span> <span class='ocrx_word' id='word_1_193' title='bbox 589 1963 682 1990; x_wconf 88' lang='lat' dir='ltr'>esse</span> <span class='ocrx_word' id='word_1_194' title='bbox 715 1947 921 1991; x_wconf 81' lang='lat' dir='ltr'>futurum</span> <span class='ocrx_word' id='word_1_195' title='bbox 949 1955 992 1990; x_wconf 85' lang='lat' dir='ltr'>et</span> <span class='ocrx_word' id='word_1_196' title='bbox 1021 1947 1401 2006; x_wconf 85' lang='lat' dir='ltr'>sapientissimum</span> <span class='ocrx_word' id='word_1_197' title='bbox 1432 1956 1477 1990; x_wconf 83' lang='lat' dir='ltr'>et:</span> 
     </span>
     <span class='ocr_line' id='line_1_27' title="bbox 98 2012 1477 2069; baseline 0.002 -15"><span class='ocrx_word' id='word_1_198' title='bbox 98 2012 299 2063; x_wconf 85' lang='lat' dir='ltr'>felicem,</span> <span class='ocrx_word' id='word_1_199' title='bbox 339 2028 387 2054; x_wconf 81' lang='lat' dir='ltr'>ac</span> <span class='ocrx_word' id='word_1_200' title='bbox 423 2014 517 2055; x_wconf 81' lang='lat' dir='ltr'>sive</span> <span class='ocrx_word' id='word_1_201' title='bbox 547 2015 642 2069; x_wconf 89' lang='lat' dir='ltr'>quis</span> <span class='ocrx_word' id='word_1_202' title='bbox 665 2015 715 2056; x_wconf 90' lang='lat' dir='ltr'>in</span> <span class='ocrx_word' id='word_1_203' title='bbox 737 2015 993 2058; x_wconf 81' lang='lat' dir='ltr'>continente</span> <span class='ocrx_word' id='word_1_204' title='bbox 1014 2016 1109 2056; x_wconf 89' lang='lat' dir='ltr'>sive</span> <span class='ocrx_word' id='word_1_205' title='bbox 1128 2016 1178 2056; x_wconf 87' lang='lat' dir='ltr'>in</span> <span class='ocrx_word' id='word_1_206' title='bbox 1199 2015 1343 2056; x_wconf 83' lang='lat' dir='ltr'>insula</span> <span class='ocrx_word' id='word_1_207' title='bbox 1368 2015 1477 2057; x_wconf 84' lang='lat' dir='ltr'>bea-</span> 
     </span>
     <span class='ocr_line' id='line_1_28' title="bbox 99 2078 1475 2137; baseline 0.003 -17"><span class='ocrx_word' id='word_1_208' title='bbox 99 2087 171 2121; x_wconf 84' lang='lat' dir='ltr'>tus</span> <span class='ocrx_word' id='word_1_209' title='bbox 202 2081 347 2132; x_wconf 87' lang='lat' dir='ltr'>vivat,</span> <span class='ocrx_word' id='word_1_210' title='bbox 378 2078 499 2121; x_wconf 87' lang='lat' dir='ltr'>hunc</span> <span class='ocrx_word' id='word_1_211' title='bbox 528 2081 914 2136; x_wconf 81' lang='lat' dir='ltr'>quoque‘eandem</span> <span class='ocrx_word' id='word_1_212' title='bbox 934 2096 1112 2137; x_wconf 87' lang='lat' dir='ltr'>semper</span> <span class='ocrx_word' id='word_1_213' title='bbox 1131 2088 1296 2123; x_wconf 79' lang='lat' dir='ltr'>sortem</span> <span class='ocrx_word' id='word_1_214' title='bbox 1315 2090 1475 2124; x_wconf 79' lang='lat' dir='ltr'>nactu-</span> 
     </span>
     <span class='ocr_line' id='line_1_29' title="bbox 98 2143 1475 2203; baseline 0.001 -14"><span class='ocrx_word' id='word_1_215' title='bbox 98 2163 202 2189; x_wconf 87' lang='lat' dir='ltr'>rum</span> <span class='ocrx_word' id='word_1_216' title='bbox 233 2163 348 2199; x_wconf 86' lang='lat' dir='ltr'>esse,</span> <span class='ocrx_word' id='word_1_217' title='bbox 388 2155 431 2188; x_wconf 90' lang='lat' dir='ltr'>et</span> <span class='ocrx_word' id='word_1_218' title='bbox 466 2145 558 2188; x_wconf 84' lang='lat' dir='ltr'>sive</span> <span class='ocrx_word' id='word_1_219' title='bbox 591 2146 690 2203; x_wconf 86' lang='lat' dir='ltr'>quis</span> <span class='ocrx_word' id='word_1_220' title='bbox 716 2146 897 2203; x_wconf 89' lang='lat' dir='ltr'>publice</span> <span class='ocrx_word' id='word_1_221' title='bbox 925 2147 1018 2188; x_wconf 82' lang='lat' dir='ltr'>sive</span> <span class='ocrx_word' id='word_1_222' title='bbox 1046 2146 1257 2203; x_wconf 84' lang='lat' dir='ltr'>privatim</span> <span class='ocrx_word' id='word_1_223' title='bbox 1289 2143 1475 2191; x_wconf 77' lang='lat' dir='ltr'>adhaec</span> 
     </span>
     <span class='ocr_line' id='line_1_30' title="bbox 99 2210 1475 2270; baseline 0.002 -15"><span class='ocrx_word' id='word_1_224' title='bbox 99 2214 297 2257; x_wconf 84' lang='lat' dir='ltr'>studium</span> <span class='ocrx_word' id='word_1_225' title='bbox 336 2213 569 2256; x_wconf 84' lang='lat' dir='ltr'>conferens</span> <span class='ocrx_word' id='word_1_226' title='bbox 610 2210 748 2256; x_wconf 71' lang='lat' dir='ltr'>vitam</span> <span class='ocrx_word' id='word_1_227' title='bbox 780 2223 902 2270; x_wconf 81' lang='lat' dir='ltr'>agat,</span> <span class='ocrx_word' id='word_1_228' title='bbox 956 2212 1109 2256; x_wconf 80' lang='lat' dir='ltr'>eadem</span> <span class='ocrx_word' id='word_1_229' title='bbox 1148 2215 1306 2256; x_wconf 84' lang='lat' dir='ltr'>eodem</span> <span class='ocrx_word' id='word_1_230' title='bbox 1336 2216 1475 2258; x_wconf 87' lang='lat' dir='ltr'>modo</span> 
     </span>
     <span class='ocr_line' id='line_1_31' title="bbox 99 2278 1475 2339; baseline 0.001 -16"><span class='ocrx_word' id='word_1_231' title='bbox 99 2282 250 2339; x_wconf 86' lang='lat' dir='ltr'>ipsum</span> <span class='ocrx_word' id='word_1_232' title='bbox 274 2282 622 2339; x_wconf 84' lang='lat' dir='ltr'>impetraturum</span> <span class='ocrx_word' id='word_1_233' title='bbox 647 2295 738 2322; x_wconf 88' lang='lat' dir='ltr'>esse</span> <span class='ocrx_word' id='word_1_234' title='bbox 763 2295 787 2322; x_wconf 84' lang='lat' dir='ltr'>a</span> <span class='ocrx_word' id='word_1_235' title='bbox 809 2279 905 2324; x_wconf 86' lang='lat' dir='ltr'>diis.</span> <span class='ocrx_word' id='word_1_236' title='bbox 945 2278 1036 2323; x_wconf 81' lang='lat' dir='ltr'>iam</span> <span class='ocrx_word' id='word_1_237' title='bbox 1057 2282 1174 2339; x_wconf 83' lang='lat' dir='ltr'>quod</span> <span class='ocrx_word' id='word_1_238' title='bbox 1200 2282 1329 2325; x_wconf 81' lang='lat' dir='ltr'>initio</span> <span class='ocrx_word' id='word_1_239' title='bbox 1353 2283 1475 2325; x_wconf 80' lang='lat' dir='ltr'>dixi-</span> 
     </span>
     <span class='ocr_line' id='line_1_32' title="bbox 98 2349 1473 2407; baseline 0 -16"><span class='ocrx_word' id='word_1_240' title='bbox 98 2355 222 2399; x_wconf 83' lang='lat' dir='ltr'>mus&#39;,</span> <span class='ocrx_word' id='word_1_241' title='bbox 256 2357 299 2392; x_wconf 85' lang='lat' dir='ltr'>et</span> <span class='ocrx_word' id='word_1_242' title='bbox 326 2362 444 2390; x_wconf 88' lang='lat' dir='ltr'>nunc</span> <span class='ocrx_word' id='word_1_243' title='bbox 466 2349 586 2389; x_wconf 87' lang='lat' dir='ltr'>idem</span> <span class='ocrx_word' id='word_1_244' title='bbox 609 2363 766 2390; x_wconf 85' lang='lat' dir='ltr'>verum</span> <span class='ocrx_word' id='word_1_245' title='bbox 792 2364 837 2390; x_wconf 89' lang='lat' dir='ltr'>se</span> <span class='ocrx_word' id='word_1_246' title='bbox 858 2357 1074 2406; x_wconf 79' lang='lat' dir='ltr'>praestat,</span> <span class='ocrx_word' id='word_1_247' title='bbox 1110 2349 1210 2390; x_wconf 85' lang='lat' dir='ltr'>fieri</span> <span class='ocrx_word' id='word_1_248' title='bbox 1228 2365 1319 2391; x_wconf 88' lang='grc'>11011</span> <span class='ocrx_word' id='word_1_249' title='bbox 1340 2365 1473 2407; x_wconf 80' lang='lat' dir='ltr'>posse</span> 
     </span>
     <span class='ocr_line' id='line_1_33' title="bbox 98 2415 1476 2475; baseline 0.005 -20"><span class='ocrx_word' id='word_1_250' title='bbox 98 2425 150 2457; x_wconf 84' lang='lat' dir='ltr'>ut</span> <span class='ocrx_word' id='word_1_251' title='bbox 191 2415 396 2458; x_wconf 82' lang='lat' dir='ltr'>homines</span> <span class='ocrx_word' id='word_1_252' title='bbox 438 2416 634 2473; x_wconf 85' lang='lat' dir='ltr'>perfecte</span> <span class='ocrx_word' id='word_1_253' title='bbox 663 2415 780 2457; x_wconf 81' lang='lat' dir='ltr'>beati</span> <span class='ocrx_word' id='word_1_254' title='bbox 807 2432 857 2458; x_wconf 86' lang='lat' dir='ltr'>ac</span> <span class='ocrx_word' id='word_1_255' title='bbox 883 2416 1034 2458; x_wconf 87' lang='lat' dir='ltr'>felices</span> <span class='ocrx_word' id='word_1_256' title='bbox 1062 2418 1274 2467; x_wconf 82' lang='lat' dir='ltr'>evadant,</span> <span class='ocrx_word' id='word_1_257' title='bbox 1322 2419 1476 2475; x_wconf 78' lang='lat' dir='ltr'>paucis</span> 
     </span>
     <span class='ocr_line' id='line_1_34' title="bbox 101 2481 1477 2539; baseline 0.002 -16"><span class='ocrx_word' id='word_1_258' title='bbox 101 2483 326 2539; x_wconf 82' lang='lat' dir='ltr'>exceptis,</span> <span class='ocrx_word' id='word_1_259' title='bbox 361 2483 448 2525; x_wconf 90' lang='lat' dir='ltr'>hoc</span> <span class='ocrx_word' id='word_1_260' title='bbox 470 2491 591 2525; x_wconf 85' lang='lat' dir='ltr'>recte</span> <span class='ocrx_word' id='word_1_261' title='bbox 612 2481 780 2524; x_wconf 84' lang='lat' dir='ltr'>dictum</span> <span class='ocrx_word' id='word_1_262' title='bbox 805 2492 890 2535; x_wconf 67' lang='grc' dir='ltr'>θεὶς</span> <span class='ocrx_word' id='word_1_263' title='bbox 929 2498 1033 2526; x_wconf 85' lang='lat' dir='ltr'>nam</span> <span class='ocrx_word' id='word_1_264' title='bbox 1059 2485 1134 2539; x_wconf 87' lang='lat' dir='ltr'>qui</span> <span class='ocrx_word' id='word_1_265' title='bbox 1160 2482 1325 2535; x_wconf 80' lang='lat' dir='ltr'>divini,</span> <span class='ocrx_word' id='word_1_266' title='bbox 1365 2494 1477 2527; x_wconf 82' lang='lat' dir='ltr'>tem-</span> 
     </span>
     <span class='ocr_line' id='line_1_35' title="bbox 100 2550 1479 2608; baseline 0.003 -18"><span class='ocrx_word' id='word_1_267' title='bbox 100 2558 335 2605; x_wconf 83' lang='lat' dir='ltr'>perantes,</span> <span class='ocrx_word' id='word_1_268' title='bbox 388 2550 511 2591; x_wconf 90' lang='lat' dir='ltr'>omni</span> <span class='ocrx_word' id='word_1_269' title='bbox 553 2550 720 2592; x_wconf 80' lang='lat' dir='ltr'>virtute</span> <span class='ocrx_word' id='word_1_270' title='bbox 759 2559 914 2593; x_wconf 80' lang='lat' dir='ltr'>natura</span> <span class='ocrx_word' id='word_1_271' title='bbox 956 2551 1144 2608; x_wconf 82' lang='lat' dir='ltr'>praediti</span> <span class='ocrx_word' id='word_1_272' title='bbox 1174 2559 1218 2591; x_wconf 83' lang='lat' dir='ltr'>et</span> <span class='ocrx_word' id='word_1_273' title='bbox 1247 2561 1479 2608; x_wconf 81' lang='lat' dir='ltr'>praeterea</span> 
     </span>
     <span class='ocr_line' id='line_1_36' title="bbox 100 2615 1476 2677; baseline 0.004 -21"><span class='ocrx_word' id='word_1_274' title='bbox 100 2615 361 2673; x_wconf 80' lang='lat' dir='ltr'>disciplinae</span> <span class='ocrx_word' id='word_1_275' title='bbox 400 2618 611 2675; x_wconf 82' lang='lat' dir='ltr'>cuiusque</span> <span class='ocrx_word' id='word_1_276' title='bbox 641 2618 794 2661; x_wconf 80' lang='lat' dir='ltr'>beatae</span> <span class='ocrx_word' id='word_1_277' title='bbox 826 2618 1063 2677; x_wconf 80' lang='lat' dir='ltr'>participes</span> <span class='ocrx_word' id='word_1_278' title='bbox 1086 2624 1190 2662; x_wconf 82' lang='lat' dir='ltr'>sunt</span> <span class='ocrx_word' id='word_1_279' title='bbox 1211 2622 1346 2676; x_wconf 78' lang='lat' dir='ltr'>(quae</span> <span class='ocrx_word' id='word_1_280' title='bbox 1368 2619 1476 2662; x_wconf 74' lang='lat' dir='ltr'>haec</span> 
     </span>
     <span class='ocr_line' id='line_1_37' title="bbox 161 2687 1185 2726; baseline 0.01 -4"><span class='ocrx_word' id='word_1_281' title='bbox 161 2688 269 2725; x_wconf 87' lang='lat' dir='ltr'>Tom.</span> <span class='ocrx_word' id='word_1_282' title='bbox 302 2688 345 2726; x_wconf 88' lang='lat' dir='ltr'><em>V</em></span> <span class='ocrx_word' id='word_1_283' title='bbox 342 2687 418 2726; x_wconf 85' lang='lat' dir='ltr'><em>Ill.</em></span> <span class='ocrx_word' id='word_1_284' title='bbox 1146 2690 1185 2726; x_wconf 78' lang='lat' dir='ltr'>D</span> 
     </span>
    </p>
   </div>
  </div>
 </body>
</html>
