1696 2898
642 110 936 152 LYs-ls.
1215 88 1220 92 ’
1359 120 1452 160 ew

93 228 303 286 Indigens
343 235 491 271 autem
529 225 700 284 aliquid
746 226 920 272 exsistit
963 225 1059 271 eius
1097 242 1186 287 quo
1236 229 1460 288 privatur.

94 295 302 354 Quidni?
360 294 542 353 Proprii
573 309 622 337 οι
623 309 704 352 go,
730 302 796 338 ut
816 303 962 354 patet,
991 310 1123 340 amor
1144 296 1188 340 et
1204 295 1397 341 amicitia
1417 305 1463 349 et

96 363 314 422 cupiditas
333 372 413 414 est,
438 379 465 405 c
485 362 740 405 Menexene
759 371 804 406 et
821 362 944 420 Lysi.
1000 362 1312 408 Assenserunt.
1365 363 1463 408 vo·

93 430 234 489 igitur
257 430 297 473 si
324 429 459 472 amici
488 428 608 472 inter
638 442 718 473 vos
749 430 878 482 estis,
918 431 1077 473 natur&
1105 429 1201 474 fere
1220 431 1399 490 proprii
1419 438 1489 474 et'

92 496 341 555 propinqui
374 494 503 538 vobis
541 496 650 554 ipsis
686 496 803 540 estis.
878 495 993 540 Sane
1024 496 1230 555 quidem,
1274 513 1465 556 respon-

96 563 274 606 derunt.
330 563 488 619 Itaque
516 563 555 605 si
582 563 695 606 alter
725 563 917 614 alterum
937 564 1232 623 concupiscit,
1262 565 1463 622 inquam,

98 646 124 673 o
146 629 295 688 pueri,
322 631 397 672 vel
416 637 560 680 amat,
587 644 835 686 numquam
851 631 1184 689 concupisceret
1197 635 1282 676 nec
1299 640 1468 676 amaret

95 712 181 740 nec
211 697 440 754 diligeret,
489 695 578 739 nisi
617 695 900 754 propinquus
932 696 1032 740 fere
1065 709 1213 743 amato
1249 708 1361 744 esset
1390 699 1468 743 vel

97 764 250 808 animo
284 765 355 808 vel
388 763 570 821 ingenio
594 764 666 806 vel
692 763 894 807 moribus
920 765 995 808 vel
1011 765 1176 822 specie.
1229 766 1348 811 Sane
1366 765 1468 824 qui-

99 833 203 877 dem
217 864 230 885 ,
254 831 402 888 inquit
420 831 698 875 Menexenus
711 863 724 885 ,
750 831 880 889 Lysis
898 846 1008 875 vero
1028 833 1180 876 tacuit.
1237 832 1334 876 Iam
1349 833 1470 876 vidi-

97 915 228 953 mus,
277 899 491 956 inquam,
536 899 697 941 natura
726 899 1034 957 propinquum
1067 899 1199 943 nobis
1225 899 1470 944 amandum

101 983 208 1010 esse.
260 966 468 1019 Videtur,
495 966 655 1024 inquit.
716 966 864 1025 Verus
887 967 1026 1025 igitur
1045 976 1243 1021 amator,
1278 968 1481 1025 nousi-1

98 1036 310 1086 mulam,
339 1048 365 1078 a
388 1035 556 1078 deliciis
580 1032 669 1078 suis
687 1043 860 1078 ametur
877 1050 1057 1078 necesse
1077 1043 1155 1079 est.
1200 1036 1321 1078 Tum
1339 1033 1470 1092 Lysis

101 1102 284 1160 quidem
315 1111 359 1145 et
391 1103 674 1146 Menexenus
703 1103 786 1146 vix
827 1103 1156 1160 quodammodo
1195 1109 1470 1154 annuerunt,

100 1169 396 1229 Hippothales
415 1178 564 1213 autem
586 1185 696 1228 prae
713 1170 874 1228 gaudio
896 1171 1043 1214 varios
1062 1169 1186 1214 dedit
1211 1170 1392 1214 colores.

212 1237 362 1294 Atque
382 1252 488 1295 ego,
526 1238 772 1282 orationem
803 1241 959 1283 volens
988 1237 1246 1295 explorari,
1276 1237 1325 1282 Si
1349 1235 1471 1295 quid,

100 1304 301 1361 inquam,
327 1304 448 1347 inter
467 1308 707 1363 proprium
727 1315 770 1349 et
799 1305 947 1349 simile
965 1304 1131 1357 differt,
1161 1305 1361 1350 dicemus
1386 1304 1473 1347 ali-

104 1371 228 1428 quid,
256 1378 306 1412 ut
323 1369 438 1415 mihi
459 1372 652 1426 videtur,
673 1374 781 1431 Lysi
802 1382 846 1416 et
860 1374 1132 1424 Menexene,
1158 1371 1265 1429 quid
1277 1372 1335 1415 sit
1357 1369 1474 1414 ami·-

103 1453 236 1490 cum,
265 1438 335 1480 sin
353 1437 475 1482 idem
495 1448 560 1482 est
579 1439 726 1482 simile
754 1448 886 1495 atque
914 1438 1179 1494 proprium,
1202 1453 1294 1487 nou
1317 1447 1382 1482 est
1399 1437 1474 1480 fa·-

105 1507 189 1548 cile
221 1505 422 1563 priorem
452 1506 642 1547 reiicere
670 1505 922 1546 orationem
959 1517 1072 1559 quae
1108 1503 1302 1559 ponebat
1329 1505 1475 1548 simile

104 1573 243 1616 simili
269 1580 456 1628 propter
487 1570 826 1612 similitudinem
861 1583 954 1610 esse
977 1568 1163 1622 inutile3
1189 1569 1348 1614 inutile
1360 1585 1473 1626 ,vero

106 1640 302 1681 amicum
333 1651 426 1678 esse
444 1636 687 1678 concedere
715 1635 1051 1682 inconcinnum.
1095 1634 1288 1679 vultisne
1316 1636 1472 1694 igitur,

104 1707 304 1762 inquam,
328 1703 536 1760 quoniam
563 1703 677 1746 ebrii
698 1703 823 1760 quasi
842 1716 995 1745 sumus
1018 1701 1231 1756 oratione,
1258 1703 1474 1745 conceda-

106 1789 208 1815 mus
249 1787 299 1814 ac
340 1771 537 1814 dicamus
572 1770 800 1812 diversum
852 1784 945 1812 esse
977 1769 1215 1827 proprium
1248 1783 1275 1812 a
1304 1769 1472 1812 simili?

107 1840 223 1885 Sane
246 1838 439 1896 quidem.
475 1837 642 1881 Utrum
662 1837 794 1880 etiam
812 1837 979 1879 bonum
997 1851 1214 1893 ponamus
1232 1837 1473 1895 proprium

109 1923 203 1950 esse
227 1906 414 1963 cuique,
452 1906 621 1948 malum
649 1920 758 1948 vero
792 1903 1022 1946 alienum?
1066 1917 1123 1945 an
1155 1905 1323 1947 malum
1354 1905 1473 1948 malo

108 1973 348 2032 proprium
377 1987 494 2024 esse,
522 1972 642 2014 bono
661 1972 829 2015 bonum
845 2002 856 2023 ,
890 1971 932 2014 ei
954 1986 1064 2015 vero
1085 1972 1202 2029 quod
1222 1986 1368 2029 neque
1388 1971 1474 2014 bo-

108 2057 220 2086 num
242 2055 388 2098 neque
411 2039 580 2082 malum
610 2040 666 2082 sit
693 2039 740 2081 id
775 2039 892 2095 quod
911 2053 994 2082 nec
1011 2038 1182 2082 bonum
1202 2053 1286 2082 neo
1304 2039 1473 2083 malum

110 2110 200 2152 sit?
235 2109 302 2151 Ita
325 2108 540 2150 dixerunt
559 2107 642 2149 sibi
666 2106 809 2149 videri
835 2105 1031 2164 quidque
1051 2106 1213 2163 cuique
1233 2106 1474 2164 proprium

111 2191 218 2219 esse.
255 2175 424 2218 Rursus
444 2175 598 2233 igitur,
625 2174 821 2232 inquam,
850 2187 877 2216 o
898 2173 1057 2232 pueri,
1083 2174 1130 2216 in
1152 2189 1223 2216 eos
1242 2188 1350 2230 quos
1370 2174 1474 2232 pri-

109 2258 239 2287 mum
255 2242 549 2286 reieceramus
572 2242 627 2284 dc
645 2240 839 2284 amicitia
860 2255 1084 2285 sermones
1104 2240 1372 2304 incidimus3
1398 2241 1474 2285 in-

110 2310 249 2353 iustus
281 2309 401 2353 enim
432 2309 596 2352 iniusto
631 2317 674 2352 et
690 2308 846 2362 imalus
873 2308 990 2351 malo
1020 2322 1112 2350 non
1136 2307 1285 2350 minus
1304 2308 1474 2351 amicus

113 2378 201 2421 erit
221 2392 356 2433 quam
378 2377 521 2418 bonus
540 2377 670 2419 bono.
727 2375 946 2429 Videtur,
972 2375 1132 2432 inquit.
1190 2374 1313 2433 Quid
1331 2374 1474 2418 vero?

111 2444 280 2486 bonum
304 2453 345 2486 et
365 2444 598 2501 proprium
620 2442 787 2485 siidem
798 2443 983 2485 dicimus
1003 2457 1121 2492 esse,
1163 2455 1310 2484 nonne
1331 2442 1472 2483 bouus

112 2510 233 2552 bono
260 2519 428 2553 tantum
461 2511 627 2551 amicus
661 2511 778 2552 erit?
841 2510 957 2553 Sane
993 2509 1187 2566 quidem.
1261 2507 1396 2565 Atqui
1422 2508 1471 2549 in

113 2577 199 2620 hoc
223 2593 398 2634 quoque
428 2577 690 2634 putabamus
726 2593 807 2620 nos
829 2578 949 2636 ipsos
971 2575 1270 2632 redarguisse3
1308 2589 1362 2616 an
1383 2587 1473 2616 non
