1670 2872
453 126 836 177 ,APOJLOGIA
863 127 1220 169 sooR-A'rls.
1446 137 1536 175 115

151 258 456 296 :mmaeausam
475 242 824 301 efficenevuperi
830 260 955 287 orem
966 261 982 300 3
1012 257 1117 289 nam
1134 256 1294 293 verum
1306 276 1320 296 ,
1349 253 1401 290 ut
1417 243 1538 291 arbi*
1587 297 1591 299 ,

118 337 121 342 .
153 325 257 362 ww
264 335 280 365 -,
299 317 306 338 1
317 313 462 356 nolint
479 311 629 363 dicere,
638 311 656 364 s,
674 329 678 332 ⁷
694 311 932 356 mani-festo
956 312 1081 369 ipsos
1098 314 1295 371 ‚reperiri
1315 314 1538 362 simulan-

142 379 449 438 ,nequidem
478 375 736 444 scientiam,
785 378 901 430 nihil
934 394 1043 421 vero
1075 380 1273 437 scientes·
1319 384 1536 440 quoniam

154 449 294 508 igitur
331 449 423 500 ini,
473 448 660 505 opinor,
708 446 935 492 ambitiosi
967 455 1072 499 sunt
1101 456 1145 490 et
1174 447 1461 500 vehementes
1493 459 1546 494 et·

97 517 286 570 ²5„nuilti
301 549 314 570 ‚
342 515 567 573 simulque
584 521 860 569 contente-et
882 513 935 556 ad
956 515 1318 570 persuadendum
1335 518 1538 575 apposite

154 586 212 631 de
237 600 314 628 me
343 582 522 632 dicunt,
562 581 869 639 impleverunt
900 596 1031 623 aures
1063 590 1255 634 vestras,
1296 593 1339 627 et
1359 585 1537 642 pridem

156 663 201 697 et
236 667 357 697 nunc
373 651 680 702 wehementer
715 649 1012 694 criminando.
1071 664 1129 692 ex
1163 649 1326 707 quibus
1354 661 1408 713 etv
1427 653 1537 696 Me·-
1558 692 1570 696 ,

154 721 263 764 litus
301 735 376 764 me
405 719 584 763 adortus
618 726 683 761 est
714 726 758 762 et
782 718 968 775 *Anytus
1002 726 1046 760 et
1074 717 1225 775 Lyco,
1270 732 1320 760 ac
1354 720 1540 776 Melitus

154 787 335 845 quidem
363 794 604 845 poetarum
626 786 812 829 nomine
834 787 904 828 ira
927 795 1201 840 commotu8‚
1238 786 1416 845 Anytus
1436 785 1541 848 opi-

109 871 113 889 2
155 856 294 899 ficum
328 863 372 898 et
401 856 608 900 virorum
640 854 869 907 civilium,
900 853 1026 912 Lyco
1061 869 1172 897 vero
1194 854 1427 899 rhetorum
1447 872 1541 900 no-

153 923 293 966 mine.
329 934 606 984 quapropter
635 923 758 980 quod
786 921 922 964 initio
955 920 1076 970 dixi,
1118 921 1342 974 admirer,
1387 924 1426 966 si
1456 938 1538 982 ego

155 990 285 1033 vobis
302 991 470 1047 possim
490 990 580 1035 tam
602 991 730 1032 brevi
748 998 952 1045 tempore
975 988 1089 1032 hanc
1101 989 1320 1032 invidiam
1335 992 1541 1043 eximere

154 1057 205 1099 in
245 1065 421 1100 tantum
451 1067 640 1100 auctam.
705 1055 914 1107 Habetis,
963 1055 1287 1108 Athenienses,
1333 1072 1385 1100 ea
1426 1074 1541 1116 quae

155 1140 265 1167 vera
295 1134 422 1178 sunt3
467 1141 577 1168 nam
601 1139 684 1182 ego
710 1123 826 1166 nihil
847 1122 1036 1172 omnino
1060 1123 1188 1166 vobis
1212 1125 1439 1178 occultans,
1463 1136 1542 1177 aut

156 1191 439 1235 dissimulans
463 1207 638 1235 causam
662 1191 776 1238 dico.
805 1204 1078 1248 quamquam
1102 1191 1431 1248 propemodum
1446 1195 1540 1236 scio

153 1258 297 1300 isdem
337 1258 459 1300 veris
499 1259 699 1302 dicendis
744 1272 819 1301 me
849 1259 898 1299 in
932 1257 1086 1300 odium
1119 1259 1378 1312 incurrere-3
1417 1260 1541 1317 quod

155 1324 335 1381 quidem
356 1334 621 1382 argumento
654 1333 720 1368 est
746 1340 853 1367 vera
873 1339 947 1366 me
963 1322 1088 1382 loqui
1111 1324 1247 1382 idque
1274 1340 1368 1368 csse
1384 1340 1541 1370 meum

153 1393 327 1435 crimen
370 1401 413 1435 et
449 1392 529 1435 has
560 1393 626 1437 rei
651 1406 817 1437 causas.
858 1392 1010 1449 itaque
1033 1391 1129 1435 sive
1149 1408 1271 1436 nunc
1293 1395 1390 1438 sive
1405 1404 1543 1453 post-3

153 1458 236 1502 hac
257 1460 340 1502 ista
361 1461 659 1516 quaesieritis,
688 1475 739 1502 ea
761 1458 824 1504 ita
845 1475 938 1502 esse
960 1459 1214 1504 invenietis.

261 1527 336 1570 De
379 1528 644 1571 criminibus
684 1529 851 1585 igitur,
894 1527 1055 1584 quibus
1095 1523 1236 1586 primi
1268 1534 1541 1574 accusatores

152 1608 227 1636 me
257 1605 607 1647 accusaverunt,
649 1595 848 1638 defensio
875 1610 977 1637 mea
1008 1595 1111 1638 satis
1146 1595 1256 1638 haec
1281 1597 1338 1640 sit
1355 1596 1411 1639 ad
1431 1613 1539 1649 vos3

152 1661 209 1703 ad
229 1662 438 1705 Melitum
468 1672 617 1708 autem
633 1695 646 1717 ‚
682 1663 836 1707 virum
857 1664 1081 1720 optimum
1102 1670 1145 1706 et
1166 1662 1356 1706 civitatis
1378 1679 1540 1708 aman-

125 1758 129 1763 1
155 1737 284 1782 tem,·
310 1738 359 1773 ut
388 1729 475 1782 ait,
517 1739 560 1773 et
594 1730 649 1773 ad
667 1733 938 1790 posteriores
963 1730 1125 1773 dehinc
1149 1746 1223 1774 me
1242 1731 1439 1775 conabor
1458 1731 1540 1774 de-

152 1795 354 1840 fendere.
391 1799 557 1841 etenim
588 1815 768 1853 rursus,
811 1799 936 1857 quasi
966 1798 1015 1840 hi
1037 1798 1128 1842 sint
1152 1797 1227 1842 alii
1247 1809 1541 1852 accusatores,

155 1877 382 1907 sumamus
410 1866 602 1911 iuratam
623 1883 790 1911 eorum
820 1867 912 1910 litis
939 1865 1199 1910 formulam.
1236 1865 1370 1909 habet
1388 1877 1541 1910 autem

154 1927 218 1970 sic.
248 1930 372 1974 fere:
441 1933 747 1979 Socratem
796 1936 859 1978 ait
894 1935 1115 1977 iniuste
1151 1933 1348 1975 facere
1382 1934 1540 1989 quod

157 2002 212 2035 et
249 1996 657 2046 adolescentes
695 2009 1037 2059 corrumpat
1074 2009 1130 2042 et
1187 2000 1345 2052 deos,
1393 2014 1538 2055 quos

155 2063 377 2106 civitas
410 2068 643 2118 statuit,
679 2083 791 2110 non
827 2075 1078 2116 statuat,
1116 2066 1215 2109 sed
1253 2066 1365 2108 alia
1395 2081 1538 2123 quae

157 2129 307 2172 dicit
348 2131 657 2176 daemonia
693 2148 849 2176 nova.

269 2198 383 2240 Tale
401 2199 542 2255 igitur
556 2210 619 2244 est
631 2203 828 2253 crimen3
849 2198 984 2241 huius
1003 2214 1114 2242 vero
1128 2198 1332 2242 criminis
1343 2196 1537 2257 singulas

156 2272 313 2322 partes
339 2269 664 2311 examinemus.
692 2269 752 2312 ait
774 2268 979 2311 cuimine
1001 2267 1167 2310 iniuste
1179 2267 1414 2325 facerequi
1428 2281 1534 2310 cor-

157 2347 372 2390 rumpam
395 2335 706 2379 adolescentes.
742 2351 822 2393 ego
843 2343 1006 2387 autem,
1032 2334 1341 2387 Athenienses,
1370 2335 1537 2378 iniuste

155 2397 306 2442 facere
340 2401 437 2444 dico
457 2403 688 2456 Melitam,
727 2403 844 2461 quod
880 2403 996 2445 serio
1014 2402 1129 2445 ludit
1149 2411 1192 2444 et
1208 2411 1376 2445 temere
1396 2403 1445 2444 iu
1462 2404 1539 2444 iu·-

160 2466 328 2511 dicium
364 2468 568 2512 homines
598 2479 752 2524 vocat,
790 2470 1003 2514 simulans
1033 2469 1088 2512 de
1112 2469 1244 2512 rebus
1266 2470 1469 2512 laborare
1488 2486 1537 2511 se

160 2543 206 2577 et
245 2536 485 2580 sollicitum
527 2554 643 2591 esse,
695 2554 883 2595 quarum
919 2538 1041 2579 nulla
1071 2537 1157 2593 ipsi
1190 2551 1401 2592 umquam
1430 2551 1538 2580 cura

158 2600 258 2644 fuit.
287 2603 404 2659 quod
426 2605 487 2650 ita
510 2621 602 2649 esse
617 2638 629 2660 ,
658 2606 850 2650 conabor
870 2605 1004 2649 etiam
1030 2603 1155 2648 vobis
1181 2602 1427 2647 ostendere.

1147 2670 1185 2711 ΙΙ
1216 2683 1238 2712 2
