1734 2872
503 222 873 266 APOLOGIA·
903 218 1253 264 socRAmsss.
1468 219 1564 261 '121

206 346 354 390 fuisse.
414 346 587 388 Tamen
609 344 680 386 dic
699 336 857 393 nobis,
887 338 1127 399 Quomodo
1141 341 1234 396 ais,-
1255 335 1441 393 Melite,
1463 336 1575 380 ado-
1584 359 1589 383 ·.

204 413 471 458 lescentulos
500 428 526 455 a
545 427 619 454 me
647 409 913 468 corrumpi?
951 422 1009 451 an
1039 410 1271 462 videlicet,
1290 402 1471 463 ³ut-lit-is
1489 413 1577 452 a-te

205 481 403 538 agendae
431 479 629 523 formula
656 478 847 530 indicat,
906 491 959 518 eo
994 476 1126 533 quod·
1153 468 1289 520 doceo
1321 473 1454 519 statui
1483 487 1594 516 non.

207 556 419 605 oportere
447 547 552 590 deos
580 563 689 605 quos
721 546 876 590 civitas
904 545 1079 597 statuit,
1126 545 1204 587 sed
1235 545 1323 587 alia
1348 539 1589 591 daemonia

205 616 360 658 nova?
406 609 556 658 annon
596 615 705 657 haec
740 614 973 658 docentem
1002 611 1212 654 medicis
1243 612 1594 668 essexcorupt‘om

207 698 306 725 rem
324 684 346 728 ⁴?
402 684 547 727 Immo
577 699 765 742 prorsus
794 683 927 740 plane
948 681 1036 723 hoc
1056 680 1188 723 dico.'⁴
1227 679 1323 724 Iam
1344 694 1428 736 per
1445 679 1593 735 ipsos,
1631 725 1634 727 ,

200 750 388 805 Melite,
421 751 503 794 hos
533 750 662 804 deos,
694 751 748 794 ad
780 765 889 807 quos
923 757 1124 807 spectant
1151 762 1264 805 quae
1285 762 1405 790 nunc
1425 746 1584 788 dicun-
1629 747 1631 749 ’

208 826 306 870 tur,
340 817 479 862 velim
510 820 558 863 id
586 820 720 862 etiam
750 818 929 876 planius
962 817 1080 860 dicas
1104 823 1148 858 et
1169 814 1283 859 mihi
1304 823 1348 857 et
1371 813 1494 856 hisce
1514 812 1585 855 vi-

208 885 288 928 ris.
327 901 428 931 nam
468 902 549 945 ego
579 886 833 945 intelligere
860 899 1065 945 nequeo,
1108 892 1268 927 utrum
1286 882 1403 930 dicas
1425 880 1586 923 docere
1626 879 1629 880 ⁷

210 966 286 994 me
319 955 577 997 statuendos
608 970 703 998 esse
731 955 834 1002 deos
854 955 1046 1012 aliquos,
1081 960 1126 995 et
1143 967 1218 995 me
1237 951 1390 1010 ipsum
1409 963 1588 1007 quoque

212 1028 377 1080 putare⁴
405 1035 498 1063 esse
530 1021 656 1075 deos,
706 1037 789 1065 nec
817 1023 996 1081 penitus
1028 1020 1185 1064 tollere
1214 1033 1387 1066 numen
1415 1032 1595 1080 eorum,

213 1101 361 1143 neque
391 1087 475 1130 hac
501 1098 631 1146 parte
656 1103 866 1147 peccare,
904 1103 1052 1146 neque
1074 1096 1223 1132 tamen
1247 1102 1322 1130 eos
1342 1101 1452 1144 quos
1473 1084 1590 1127 civi·
1647 1123 1650 1126 Α

213 1160 279 1195 ῐέῑδ
293 1186 310 1206 2
351 1154 428 1197 sed
443 1156 581 1209 alios,
611 1166 740 1214 atque
763 1157 848 1202 hoc
868 1156 925 1200 sit
941 1156 1079 1210 illud,
1119 1155 1173 1198 de
1194 1169 1378 1214 quorme
1398 1146 1594 1212 accuses,

214 1220 334 1277 quod
367 1220 478 1263 alios
497 1232 711 1275 statuam,
752 1241 810 1268 an
838 1227 1023 1268 omnino
1046 1238 1121 1267 me
1141 1221 1426 1278 dicas-neque
1443 1219 1595 1278 ipsum

214 1298 407 1332 statuere
438 1289 542 1332 deos
573 1299 617 1333 et
646 1281 803 1334 eadem
834 1300 1006 1335 ceteros
1026 1290 1201 1333 docere.
1267 1289 1366 1331 Hoc¹
1392 1286 1492 1329 dico
1510 1317 1522 1338 ‚
1548 1283 1601 1327 te'
1646 1335 1655 1350 l

212 1357 359 1400 nullos
384 1372 478 1399 esse
508 1358 693 1400 omnino
733 1358 838 1402 deos
877 1367 1050 1417 putare.
1119 1357 1159 1400 O
1193 1355 1386 1398 mirifice
1420 1354 1591 1404 Melite,

216 1440 434 1482 quorsum
461 1424 549 1467 hoc
574 1425 715 1469 dicis?
758 1442 866 1485 ergo
897 1442 956 1470 ne
973 1426 1114 1470 solem
1135 1423 1317 1482 quidem
1336 1437 1420 1465 nec
1439 1422 1596 1464 lunam

213 1501 357 1536 statuo
395 1507 488 1536 esse
523 1493 652 1545 deos,
688 1493 803 1538 sicut
830 1494 1039 1539 homines
1069 1491 1239 1536 ceteri⁹
1295 1490 1401 1534 Non
1427 1488 1597 1542 hemle,

215 1561 409 1616 iudices;
437 1575 544 1604 nam
566 1570 610 1604 et
632 1561 771 1605 solem
791 1577 886 1605 esse
905 1562 1105 1621 lapidem
1126 1560 1190 1603 ait
1213 1568 1257 1603 et
1283 1554 1441 1602 lunam
1462 1556 1599 1600 tellu-

216 1644 331 1675 rem.
384 1629 705 1687 Anaxagoram
733 1645 845 1674 num
872 1629 941 1673 vis
960 1643 1191 1682 accusare,
1225 1615 1386 1676 dilecte
1405 1624 1599 1669 Melite?

216 1698 279 1742 ita
318 1697 526 1741 videlicet
571 1698 819 1742 contemnis
855 1697 939 1741 hos
987 1698 1334 1753 litterarumque
1373 1700 1600 1753 expertes

216 1774 348 1824 putas
376 1780 496 1818 esse,
530 1772 583 1808 ut
613 1765 812 1809 nesciant
843 1767 1142 1823 Anaxagorae
1164 1760 1444 1809 Clazomenii
1461 1760 1601 1808 libros

218 1833 290 1875 his
321 1832 518 1875 refertos
543 1847 637 1875 esse
657 1833 813 1877 effatis.
853 1843 986 1892 atque
1006 1834 1140 1877 etiam
1164 1831 1467 1875 adolescentes
1489 1826 1601 1877 haec

221 1915 248 1942 a
268 1914 341 1942 me
364 1899 562 1950 discunt,
588 1901 758 1960 quippe
777 1916 888 1958 quae
910 1902 974 1946 eis
997 1890 1236 1958 aliquando
1254 1898 1412 1948 liceat,
1442 1895 1480 1938 si
1493 1909 1604 1952 per-

222 1980 413 2021 magno,
457 1965 668 2009 drachma
699 1969 753 2009 de
786 1983 919 2011 scena
949 1983 1125 2020 emere,
1163 1975 1214 2010 ut
1235 1965 1464 2013 Socratem
1493 1960 1605 2004 irri-

222 2034 383 2084 deant,
424 2032 461 2075 si
491 2031 601 2074 haec
635 2034 814 2078 simulet
844 2033 925 2077 sua
955 2050 1070 2085 esse,
1107 2033 1375 2092 praesertim
1405 2038 1500 2072 tam
1523 2027 1606 2070 ab·-

224 2099 368 2143 surda.
395 2098 559 2141 siccine
575 2129 588 2151 ,
614 2113 698 2156 pro
719 2100 925 2156 Iuppiter
938 2130 952 2153 ,
977 2100 1136 2143 videor
1162 2098 1246 2142 tibi
1267 2096 1498 2140 neminem
1517 2092 1607 2154 pli-'-

223 2175 321 2210 tare
344 2166 476 2208 deum
499 2166 625 2208 esse?
680 2166 922 2210 Neminem
938 2181 1071 2219 vero,
1106 2166 1282 2219 hercle,
1308 2164 1435 2208 nullo
1453 2171 1602 2222 pecte,

222 2231 511 2277 Incredibilia
537 2232 668 2284 dicis,
693 2233 877 2290 Melite,
917 2249 1056 2292 eaque
1075 2249 1180 2278 sane
1200 2242 1253 2277 ut
1273 2231 1387 2277 mihi
1410 2230 1601 2282 videtur,

223 2301 400 2345 tibimet
439 2299 540 2357 ipsi·
610 2299 800 2346 Videtur
841 2302 963 2347 enim
1007 2301 1081 2344 hic
1111 2300 1247 2354 mihi,
1291 2298 1602 2349 Athenienses,

225 2371 358 2426 plane
374 2376 614 2425 protervus
634 2382 727 2410 esse
746 2375 792 2414 et
802 2369 1054 2423 effrenatus,
1072 2382 1347 2427 prorsusque
1357 2366 1604 2428 petulantia

227 2435 418 2491 quadam
449 2442 493 2478 et
519 2434 865 2493 intemperantia
891 2445 934 2479 et
953 2437 1143 2483 iuvenili
1163 2435 1402 2478 insolentia
1422 2448 1605 2477 accusa-

226 2502 396 2548 tionem
437 2502 554 2548 hano
593 2502 848 2561 suscepisse.
889 2496 1080 2552 'dixeris
1113 2519 1217 2547 eum
1247 2503 1371 2545 velut
1400 2501 1605 2558 aenigma

230 2570 552 2629 composuisse,
600 2578 650 2612 ut
694 2560 981 2629 experiretur
1010 2570 1121 2612 hoc.-
1189 2569 1355 2614 Utrum
1386 2561 1605 2623 intelliget

229 2636 430 2680 Socrates
451 2636 626 2694 sapiens
650 2637 726 2678 ille
747 2632 912 2682 scilicet
933 2653 1006 2686 me
1027 2638 1183 2681 ludere
1207 2646 1250 2680 et
1267 2638 1509 2695 pugnantia
1530 2635 1604 2675 ‹li-

230 2717 355 2758 cere›
400 2714 456 2748 an
485 2704 614 2749 illum
648 2715 904 2766 ceterosque
939 2706 1161 2749 auditores
1195 2706 1244 2748 in
1273 2703 1476 2748 fraudem
1513 2701 1604 2745 illi-
