1734 2872
656 165 1135 220 THEAGE's.
1267 190 1355 208 .·
1489 180 1581 219 389

315 299 384 342 So.
439 295 521 341 Sin
541 303 691 340 autem
712 294 900 352 cupiens
924 293 1021 339 eius
1044 292 1287 352 sapientiae
1305 300 1351 341 te
1379 292 1582 354 peritum

202 363 390 409 evadere
409 378 497 422 qua
518 377 677 406 currus
697 369 860 418 regunt
882 370 1058 420 patrem
1077 361 1335 419 increpares
1346 384 1363 415 5
1396 375 1471 405 me
1490 361 1582 404 ite-

197 447 301 475 rum
329 430 637 488 interrogante
671 443 891 486 quaenam
919 427 1028 471 haec
1058 436 1196 480 esset,
1234 423 1581 486 quamnam‘ffe-

200 498 444 557 sponderes
463 497 595 541 istam
619 497 746 544 esse?
773 510 927 543 nonne
949 496 1180 561 aurigandi
1200 496 1381 542 artem?

313 566 422 610 The
482 563 652 611 Etiam.

370 632 589 691 .Quam
633 646 748 675 vero
790 646 913 675 nunc
944 630 1144 691 appetis,
1192 639 1348 680 utrum
1390 646 1577 680 nomme

198 633 368 754 caret‚⁰
369 716 426 744 an
449 714 620 744 nornen,
635 699 810 744 habet?

314 767 422 814 The.
479 767 692 815 Arbitror
711 767 925 824 equidem
938 766 1119 812 habere.

307 836 381 880 So.
436 835 610 881 Utrum
635 849 735 879 eam
762 835 905 889 nosti,
942 851 1088 893 neque
1121 845 1274 881 tamen
1290 850 1493 891 nomen,
1518 849 1576 878 an

197 902 330 947 etiam
352 903 557 950 no'men'?

312 971 429 1015 Ther
477 971 629 1014 Etiam
653 985 824 1014 nomen:
845 971 1081 1028 equidem*

308 1037 383 1082 So.
440 1037 683 1098 Quodnam
703 1038 798 1081 est?
829 1038 913 1083 dic.

314 1105 422 1151 lee.
479 1106 623 1164 Quod
650 1106 794 1159 aliud,
822 1105 1032 1159 Socrate,
1063 1104 1290 1148 eiznomen
1315 1103 1476 1162 aliquis
1500 1104 1572 1149 di-

194 1172 317 1214 xerit
337 1187 459 1224 esse,
484 1173 572 1216 nisi
592 1173 870 1232 sapientiae?
1274 1212 1276 1214 ,

303 1237 378 1284 So.
434 1239 599 1282 Nonne
629 1241 769 1284 etiam
795 1240 1017 1298 aurigatio
1042 1239 1260 1298 sapientia
1290 1238 1392 1282 est?
1421 1253 1478 1282 an
1496 1238 1572 1284 in·-

193 1304 316 1349 scitia
338 1305 519 1349 videtur
539 1306 620 1349 tibi
643 1307 770 1349 esse?

307 1370 416 1418 The.
472 1373 826 1430 Haudquaquam
850 1373 979 1418 mihi.

302 1441 376 1484 So.
432 1437 520 1484 Sed
550 1441 798 1499 sapientia?
828 1468 829 1471 =

308 1508 418 1551 The.
475 1507 621 1552 Vero²

302 1575 374 1619 So.
432 1574 539 1632 Qua
568 1576 618 1620 in
649 1591 702 1619 re
736 1590 791 1618 ea
809 1576 1015 1618 urimur?

191 1657 343 1684 nonne
370 1657 421 1685 ea
441 1635 507 1684 e'st
527 1657 614 1698 qua
635 1657 853 1700 equorum
872 1643 1036 1685 scimus
1058 1643 1214 1701 iugum
1235 1658 1393 1701 regere
1405 1646 1435 1687 ‘3⁴

311 1709 419 1754 The.
475 1709 636 1753 Etiam.

306 1777 379 1821 So.
437 1776 600 1820 Nonne
635 1778 771 1820 etiam
804 1774 1085 1834 gubernandi
1118 1792 1189 1821 ars
1218 1779 1436 1837 sapientia
1471 1781 1566 1823 est?

311 1844 420 1887 The.
476 1844 593 1887 Mihi
618 1860 721 1887 sane
744 1844 934 1887 videtur.
1084 1843 1096 1857 “

307 1911 379 1953 So.
435 1910 595 1955 Nonne
619 1911 726 1953 haec
751 1910 835 1968 qua
858 1928 993 1955 naves
1017 1913 1177 1957 scimus
1197 1915 1395 1972 regere?L

311 1976 419 2020 The.
477 1978 595 2019 Haec
621 1993 744 2020 vero.
855 2035 859 2038 .

309 2045 379 2087 So.
438 2044 588 2102 Quam
612 2059 719 2086 vero
739 2052 789 2087 tu
810 2046 1228 2104 appetis,quaenam
1242 2056 1306 2091 est
1315 2047 1563 2108 sapientia?

195 2111 305 2169 quid
323 2127 373 2153 ea
391 2112 552 2154 scimus
578 2113 767 2167 regere?

312 2180 419 2224 The.
476 2178 592 2222 Mihi
617 2178 816 2232 videtur,
848 2194 933 2236 qua
956 2181 1176 2227 homines.

304 2249 378 2290 So.
437 2247 559 2289 Num
579 2261 664 2302 qua
686 2249 992 2303 aegrotantes?

311 2314 422 2357 The.
477 2314 778 2369 Nequaquam.

307 2382 376 2423 So.
431 2381 657 2424 Medicina
676 2381 797 2424 enim
815 2380 924 2425 haec
944 2391 1035 2436 est;
1062 2401 1209 2429 nonne
1222 2387 1242 2428 ?

311 2448 418 2490 The.
474 2448 638 2491 Etiam.

306 2513 378 2556 So.
435 2515 510 2557 An
532 2531 621 2572 qua
641 2526 850 2562 canentes
870 2519 1031 2564 scimus
1055 2519 1103 2564 in
1127 2519 1269 2565 choris
1296 2535 1451 2577 regere
1466 2521 1486 2561 ‘3

311 2581 417 2624 The.
476 2583 680 2627 Minime.

307 2647 380 2691 So.
437 2649 610 2694 Musica
631 2652 751 2697 enim
772 2652 895 2698 haec.
