1696 2898
607 131 1043 186 QHARMIDEffl
1192 168 1194 170 .
1246 108 1250 111 Χ
1412 141 1506 178 451

133 264 251 304 cesse
274 257 351 294 est.
378 276 387 280 ,
408 249 556 307 Atque
566 247 713 302 Nisus,
740 250 791 292 ni
813 249 964 302 fallor,
989 247 1056 292 mi
1076 248 1261 310 optime,
1288 250 1326 293 si
1348 265 1396 294 36
1412 251 1516 310 ipso

131 310 308 378 visurus
338 316 419 367 sit,
450 315 661 379 'qolorem
681 316 877 372 aliquem
896 315 1056 359 habeat
1078 331 1258 360 necesse
1280 317 1367 361 erit
1375 333 1392 372 3
1429 334 1508 362 co-

129 383 240 426 loris
273 383 394 425 enim
429 397 594 441 expeis
625 382 741 425 nihil
763 383 882 425 visus
905 397 1121 440 umquam
1142 384 1322 430 viderit.
1375 379 1511 432 Nullo

129 450 281 511 modo.
307 450 449 499 Vides
463 449 616 506 igitur,
644 449 801 500 Critia,
833 465 992 492 eorum
1017 465 1130 506 quae
1153 453 1412 510 persequuti
1429 470 1508 498 ,su-v
1539 475 1541 477 ¹

127 532 229 561 mus
239 503 325 558 alia
336 516 462 559 nobis
474 516 619 559 videri
636 517 864 560 eiusmodi
868 532 962 560 esse
973 532 1086 574 quae
1101 519 1286 561 omnino
1299 535 1388 563 non
1399 537 1509 578 pos-

127 583 219 644 sint.
238 582 352 636 fieri,
393 583 479 626 alia
497 598 607 626 vexo
631 598 844 642 magnam
863 585 1188 629 dubitationem
1211 585 1374 629 afferre
1397 590 1510 644 quin

126 648 339 706 umquam
372 651 467 694 vim
500 666 628 693 suam
660 651 716 692 ad
733 666 779 693 se
796 651 896 708 ipsa
925 650 1143 706 habeant3
1180 654 1510 709 magnitudines

129 718 250 759 enim
263 726 307 760 et
319 717 627 760 multitudines
652 727 697 761 et
717 718 975 761 huiusmodi
1000 734 1073 762 res
1087 720 1273 762 omnino
1286 735 1378 762 non
1397 737 1508 779 pos..

125 793 232 827 sunt
243 783 590 837 habere3annon
601 786 622 827 ’ἓ
643 785 760 829 Sane
773 785 972 842 quidem.
990 786 1182 830 Auditus
1195 801 1303 829 vero
1316 795 1360 830 et
1370 790 1507 841 visus,

125 860 359 913 praeterea
371 860 520 895 motus
530 853 683 909 seipse
705 869 890 896 movens
913 862 958 897 et
976 854 1096 896 calor
1118 853 1382 898 calefaciens
1402 871 1505 900 om-

124 919 291 975 niaque
311 919 487 976 generis
507 920 705 962 eiusdem
718 920 816 963 aliis
831 920 1151 964 dubitationem
1163 920 1390 972 inficiunt,
1407 924 1507 966 aliis

123 985 312 1029 fortasse
327 987 507 1030 nullam.
534 987 756 1044 insignem
777 988 914 1045 igitur
931 983 1128 1044 aliquem
1148 988 1314 1039 virum,
1345 989 1506 1043 amice,

125 1052 212 1095 hoc
242 1054 486 1104 desiderat,
526 1055 600 1111 qui
629 1047 784 1098 'omnia
808 1055 912 1098 satis
936 1056 1165 1113 explicare
1189 1055 1505 1112 distinguendo

123 1122 278 1178 possit,
288 1130 439 1164 utrum
455 1120 567 1163 nihil
579 1137 735 1165 eorum
750 1129 976 1179 quaesunt
986 1122 1079 1165 vim
1090 1137 1216 1165 suam
1227 1121 1280 1163 ad
1292 1137 1338 1163 se
1354 1122 1506 1180 ipsum

124 1195 285 1230 natura
305 1187 476 1239 habeat,
514 1188 589 1230 sed
610 1189 662 1230 ad
693 1189 829 1240 aliud,
869 1204 926 1232 an
948 1189 1034 1230 alia
1051 1189 1259 1240 habeant,
1291 1189 1377 1231 alia
1395 1204 1507 1242 non,

126 1261 194 1306 et,
232 1254 270 1296 si
305 1263 483 1297 exstant
509 1270 623 1311 quae
644 1257 697 1297 ad
716 1272 763 1298 se
784 1257 882 1314 ipsa
905 1271 1003 1299 eam
1028 1257 1243 1306 habeant,
1283 1270 1341 1298 an
1365 1255 1414 1297 in
1433 1255 1506 1299 his

124 1321 180 1382 sit
218 1321 403 1364 scientia
441 1336 573 1377 quam
613 1323 795 1378 quidem
828 1339 911 1365 nos
940 1322 1286 1381 temperantiam
1316 1321 1508 1365 dicimus

126 1403 233 1430 esse.
264 1389 472 1447 equidem
492 1404 582 1430 non
599 1389 775 1431 confido
799 1390 913 1432 mihi
930 1390 1032 1432 satis
1054 1405 1187 1448 posse
1205 1388 1316 1431 haec
1342 1389 1503 1450 distin-

125 1469 276 1511 gnere.
304 1456 514 1512 quocirca
532 1471 679 1512 neque
699 1456 798 1499 fieri
818 1457 903 1499 hoc
927 1472 1054 1515 posse
1069 1465 1118 1498 ut
1131 1455 1340 1498 scientiae
1354 1456 1505 1499 scien-

124 1524 187 1576 tia
207 1524 277 1574 sit,
316 1522 536 1566 affirmare
565 1524 767 1576 audeam,
801 1540 963 1581 neque,
998 1525 1035 1566 si
1056 1531 1122 1565 est
1142 1523 1359 1575 maxime,
1386 1532 1509 1567 tem-·

124 1592 381 1647 perantiam
403 1592 699 1632 concesserim
720 1606 818 1633 eam
842 1606 936 1632 esse
949 1621 970 1642 ,.
998 1591 1263 1647 priusquam
1288 1591 1504 1647 explora-

124 1657 272 1699 verim
295 1665 465 1707 utrum,
496 1657 532 1698 si
556 1656 652 1698 talis
674 1658 744 1707 sit,
770 1656 1006 1698 utilitatem
1027 1656 1153 1698 nobis
1164 1657 1358 1712 aliquam
1368 1673 1504 1713 prae-

125 1725 224 1766 beat
249 1738 418 1776 necne3
457 1716 801 1781 temperantiam
834 1722 1043 1764 videlicet
1070 1722 1227 1764 utilem
1257 1731 1390 1779 atque
1413 1725 1506 1772 bo·-⁴

127 1805 234 1832 nam
253 1805 448 1846 auguror
468 1805 571 1832 esse.
600 1788 652 1833 tu
673 1790 828 1847 igitur,
849 1788 913 1830 fili
926 1788 1194 1831 Callaeschri
1209 1790 1364 1840 (sumis
1379 1791 1502 1834 enim

126 1855 469 1914 temperantiam
509 1857 594 1899 hoc
638 1871 755 1909 esse,
802 1856 1033 1898 scientiam
1077 1856 1285 1898 scientiae
1300 1888 1312 1908 ‚
1361 1864 1502 1913 atque

127 1923 261 1966 etiam
292 1922 598 1977 inscientiae),
645 1922 956 1982 primumho‘c
986 1923 1192 1974 ostende,
1234 1922 1335 1966 fieri
1369 1938 1504 1981 posse

127 1990 248 2049 quod
280 1990 414 2032 modo
444 1991 670 2043 dicebam,
705 1990 889 2041 deinde,
918 1998 1233 2046 praeterquam
1257 1990 1375 2046 quod
1398 1990 1502 2034 fieri

126 2057 293 2117 possit,
321 2057 454 2100 etiam
479 2058 587 2100 utile
607 2070 727 2109 esse3
766 2064 809 2098 et
830 2055 941 2096 mihi
961 2056 1147 2099 fortasse
1165 2057 1268 2099 satis
1291 2056 1426 2099 facies
1449 2071 1502 2099 ac

126 2124 414 2184 persuadebis
435 2135 556 2168 recte
575 2133 618 2168 te
638 2124 785 2166 dicere
805 2123 910 2179 quid
933 2122 990 2165 sit
1008 2124 1314 2180 temperanda.

212 2193 334 2236 Tum
347 2191 508 2234 Critias
516 2191 586 2233 his
596 2191 758 2234 auditis
774 2205 912 2246 quum
923 2205 996 2231 me
1007 2189 1300 2233 haesitantem
1311 2189 1505 2245 videreq*

129 2259 501 2318 quemadmodum
530 2259 607 2316 qui
641 2258 874 2300 oscitantes
894 2271 918 2298 e
949 2257 1132 2314 regione
1153 2257 1306 2300 vident
1336 2258 1499 2302 eodem.

129 2328 267 2375 modo
302 2326 578 2375 afficiuntur,
618 2325 679 2367 sic
710 2324 786 2367 ille
812 2339 987 2381 quoque
1015 2323 1129 2367 mihi
1150 2324 1268 2367 visus
1290 2331 1356 2367 est.
1374 2340 1400 2367 a
1422 2339 1500 2367 me

130 2393 375 2438 haesitante
397 2394 495 2451 cogi
522 2402 572 2436 ut
593 2392 882 2434 haesitatione
896 2391 1242 2450 opprimeretur.
1257 2385 1347 2435 iam
1361 2407 1500 2448 quum

130 2460 262 2504 laude
301 2476 478 2518 semper
507 2459 716 2510 floreret,
763 2458 1066 2515 praesentium
1098 2473 1203 2500 eum
1231 2458 1425 2517 pudebat
1456 2467 1500 2500 et

131 2542 277 2584 neque
310 2527 514 2570 confiteri
545 2526 720 2569 volebat
748 2540 794 2567 se
829 2540 920 2567 non
952 2539 1079 2581 posse
1108 2525 1155 2568 id
1194 2527 1419 2584 explicare
1440 2525 1495 2567 ad

133 2595 252 2652 quod
271 2610 374 2638 eum
400 2593 715 2648 excitaveram,
743 2609 889 2652 neque
904 2593 1025 2651 ‘certi
1046 2591 1151 2650 quid
1170 2592 1359 2646 dicebat,
1389 2592 1500 2635 hae-

1099 2658 1217 2703 Ffa
