<?xml version="1.0" encoding="UTF-8"?>
<!DOCTYPE html PUBLIC "-//W3C//DTD XHTML 1.0 Transitional//EN"
    "http://www.w3.org/TR/xhtml1/DTD/xhtml1-transitional.dtd">
<html xmlns="http://www.w3.org/1999/xhtml" xml:lang="en" lang="en">
 <head>
  <title>
</title>
<meta http-equiv="Content-Type" content="text/html;charset=utf-8" />
  <meta name='ocr-system' content='tesseract 3.04.00' />
  <meta name='ocr-capabilities' content='ocr_page ocr_carea ocr_par ocr_line ocrx_word'/>
</head>
<body>
  <div class='ocr_page' id='page_1' title='image "./quaeexstantopera08platuoft_0401.png"; bbox 0 0 1734 2872; ppageno 0'>
   <div class='ocr_carea' id='block_1_1' title="bbox 632 182 1548 254">
    <p class='ocr_par' dir='ltr' id='par_1_1' title="bbox 632 182 1548 254">
     <span class='ocr_line' id='line_1_1' title="bbox 632 182 1548 254; baseline -0.004 0"><span class='ocrx_word' id='word_1_1' title='bbox 632 187 1104 254; x_wconf 62' lang='lat' dir='ltr'><strong>THEAG‘ESI</strong></span> <span class='ocrx_word' id='word_1_2' title='bbox 1273 182 1282 186; x_wconf 64' lang='grc'><strong>”</strong></span> <span class='ocrx_word' id='word_1_3' title='bbox 1455 215 1548 252; x_wconf 78' lang='grc'>393</span> 
     </span>
    </p>
   </div>
   <div class='ocr_carea' id='block_1_2' title="bbox 178 309 1553 792">
    <p class='ocr_par' dir='ltr' id='par_1_2' title="bbox 178 309 1553 792">
     <span class='ocr_line' id='line_1_2' title="bbox 238 309 1550 385; baseline -0.008 -7"><span class='ocrx_word' id='word_1_4' title='bbox 238 358 240 362; x_wconf 92' lang='grc'><strong><em>·</em></strong></span> <span class='ocrx_word' id='word_1_5' title='bbox 289 333 368 378; x_wconf 84' lang='lat' dir='ltr'>So.</span> <span class='ocrx_word' id='word_1_6' title='bbox 418 329 715 377; x_wconf 80' lang='lat' dir='ltr'>Periandrum</span> <span class='ocrx_word' id='word_1_7' title='bbox 745 341 884 385; x_wconf 83' lang='lat' dir='ltr'>porro</span> <span class='ocrx_word' id='word_1_8' title='bbox 904 325 1087 383; x_wconf 81' lang='lat' dir='ltr'><strong>Cypseli</strong></span> <span class='ocrx_word' id='word_1_9' title='bbox 1121 325 1269 373; x_wconf 82' lang='lat' dir='ltr'>filium</span> <span class='ocrx_word' id='word_1_10' title='bbox 1294 309 1449 373; x_wconf 74' lang='lat' dir='ltr'>nonne</span> <span class='ocrx_word' id='word_1_11' title='bbox 1465 340 1550 368; x_wconf 86' lang='lat' dir='ltr'>au-</span> 
     </span>
     <span class='ocr_line' id='line_1_3' title="bbox 181 394 1406 445; baseline -0.01 -1"><span class='ocrx_word' id='word_1_12' title='bbox 181 400 328 445; x_wconf 81' lang='lat' dir='ltr'>divisti</span> <span class='ocrx_word' id='word_1_13' title='bbox 351 397 551 444; x_wconf 79' lang='lat' dir='ltr'>Corinthi</span> <span class='ocrx_word' id='word_1_14' title='bbox 570 397 708 439; x_wconf 82' lang='lat' dir='ltr'>fuisse</span> <span class='ocrx_word' id='word_1_15' title='bbox 732 394 1099 439; x_wconf 81' lang='lat' dir='ltr'><strong>dominatorem?</strong></span> <span class='ocrx_word' id='word_1_16' title='bbox 1403 415 1406 417; x_wconf 97' lang='lat'>-</span> 
     </span>
     <span class='ocr_line' id='line_1_4' title="bbox 292 466 640 512; baseline -0.018 1"><span class='ocrx_word' id='word_1_17' title='bbox 292 469 400 512; x_wconf 76' lang='lat' dir='ltr'>The.</span> <span class='ocrx_word' id='word_1_18' title='bbox 456 466 640 510; x_wconf 81' lang='lat' dir='ltr'>Audivi.</span> 
     </span>
     <span class='ocr_line' id='line_1_5' title="bbox 197 527 1472 587; baseline -0.008 -7"><span class='ocrx_word' id='word_1_19' title='bbox 197 563 205 573; x_wconf 89' lang='lat'><strong>·</strong></span> <span class='ocrx_word' id='word_1_20' title='bbox 237 540 240 542; x_wconf 77' lang='grc'><strong>’</strong></span> <span class='ocrx_word' id='word_1_21' title='bbox 273 527 364 580; x_wconf 61' lang='lat' dir='ltr'>&#39;Sa</span> <span class='ocrx_word' id='word_1_22' title='bbox 419 535 582 579; x_wconf 86' lang='lat' dir='ltr'>Nonne</span> <span class='ocrx_word' id='word_1_23' title='bbox 604 531 772 576; x_wconf 86' lang='lat' dir='ltr'>eisdem</span> <span class='ocrx_word' id='word_1_24' title='bbox 795 530 867 574; x_wconf 83' lang='lat' dir='ltr'>his</span> <span class='ocrx_word' id='word_1_25' title='bbox 886 529 1130 587; x_wconf 79' lang='lat' dir='ltr'>imperavit</span> <span class='ocrx_word' id='word_1_26' title='bbox 1149 544 1229 572; x_wconf 87' lang='lat' dir='ltr'>sua</span> <span class='ocrx_word' id='word_1_27' title='bbox 1249 530 1299 573; x_wconf 88' lang='lat' dir='ltr'>in</span> <span class='ocrx_word' id='word_1_28' title='bbox 1323 528 1472 572; x_wconf 82' lang='lat' dir='ltr'>urbe?</span> 
     </span>
     <span class='ocr_line' id='line_1_6' title="bbox 294 602 1462 647; baseline -0.007 0"><span class='ocrx_word' id='word_1_29' title='bbox 294 603 401 647; x_wconf 76' lang='lat' dir='ltr'>The.</span> <span class='ocrx_word' id='word_1_30' title='bbox 456 602 622 646; x_wconf 80' lang='lat' dir='ltr'>Etiam.</span> <span class='ocrx_word' id='word_1_31' title='bbox 1454 609 1462 615; x_wconf 87' lang='lat'><strong>·</strong></span> 
     </span>
     <span class='ocr_line' id='line_1_7' title="bbox 289 663 1552 728; baseline -0.006 -16"><span class='ocrx_word' id='word_1_32' title='bbox 289 670 362 714; x_wconf 82' lang='lat' dir='ltr'>So.</span> <span class='ocrx_word' id='word_1_33' title='bbox 422 669 577 728; x_wconf 77' lang='lat' dir='ltr'>Quid?</span> <span class='ocrx_word' id='word_1_34' title='bbox 606 667 1136 722; x_wconf 55' lang='lat' dir='ltr'>ArchelaquPerdiccae</span> <span class='ocrx_word' id='word_1_35' title='bbox 1165 665 1328 716; x_wconf 89' lang='lat' dir='ltr'>filium,</span> <span class='ocrx_word' id='word_1_36' title='bbox 1359 663 1435 720; x_wconf 87' lang='lat' dir='ltr'>qui</span> <span class='ocrx_word' id='word_1_37' title='bbox 1459 678 1552 705; x_wconf 90' lang='lat' dir='ltr'>nu-</span> 
     </span>
     <span class='ocr_line' id='line_1_8' title="bbox 178 731 1553 792; baseline -0.001 -16"><span class='ocrx_word' id='word_1_38' title='bbox 178 750 263 792; x_wconf 87' lang='lat' dir='ltr'>per</span> <span class='ocrx_word' id='word_1_39' title='bbox 305 736 354 778; x_wconf 87' lang='lat' dir='ltr'>in</span> <span class='ocrx_word' id='word_1_40' title='bbox 384 736 646 780; x_wconf 88' lang='lat' dir='ltr'>Macedonia</span> <span class='ocrx_word' id='word_1_41' title='bbox 688 735 941 779; x_wconf 77' lang='lat' dir='ltr'>dominator</span> <span class='ocrx_word' id='word_1_42' title='bbox 970 734 1165 788; x_wconf 80' lang='lat' dir='ltr'>exstitit,</span> <span class='ocrx_word' id='word_1_43' title='bbox 1205 731 1356 775; x_wconf 85' lang='lat' dir='ltr'>nonne</span> <span class='ocrx_word' id='word_1_44' title='bbox 1387 731 1553 775; x_wconf 88' lang='lat' dir='ltr'>eisdem</span> 
     </span>
    </p>
   </div>
   <div class='ocr_carea' id='block_1_3' title="bbox 377 803 606 819">
    <p class='ocr_par' dir='ltr' id='par_1_3' title="bbox 377 803 606 819">
     <span class='ocr_line' id='line_1_9' title="bbox 377 803 606 819; baseline -0.004 -7"><span class='ocrx_word' id='word_1_45' title='bbox 377 803 606 819; x_wconf 63' lang='grc'><strong><em>.....</em></strong></span> 
     </span>
    </p>
   </div>
   <div class='ocr_carea' id='block_1_4' title="bbox 174 871 1557 2611">
    <p class='ocr_par' dir='ltr' id='par_1_4' title="bbox 295 871 802 926">
     <span class='ocr_line' id='line_1_10' title="bbox 295 871 802 926; baseline -0.008 -11"><span class='ocrx_word' id='word_1_46' title='bbox 295 871 403 915; x_wconf 78' lang='lat' dir='ltr'>The.</span> <span class='ocrx_word' id='word_1_47' title='bbox 459 871 684 914; x_wconf 81' lang='lat' dir='ltr'>Arbitror.</span> <span class='ocrx_word' id='word_1_48' title='bbox 796 919 802 926; x_wconf 32' lang='grc' dir='ltr'><em>ι</em></span> 
     </span>
    </p>

    <p class='ocr_par' dir='ltr' id='par_1_5' title="bbox 177 932 1554 1064">
     <span class='ocr_line' id='line_1_11' title="bbox 289 932 1554 995; baseline -0.003 -16"><span class='ocrx_word' id='word_1_49' title='bbox 289 937 360 979; x_wconf 87' lang='lat' dir='ltr'>So.</span> <span class='ocrx_word' id='word_1_50' title='bbox 418 938 568 994; x_wconf 87' lang='lat' dir='ltr'>Atque</span> <span class='ocrx_word' id='word_1_51' title='bbox 589 937 806 995; x_wconf 84' lang='lat' dir='ltr'>Hippiam·</span> <span class='ocrx_word' id='word_1_52' title='bbox 825 938 1044 982; x_wconf 79' lang='lat' dir='ltr'>Pisistrati</span> <span class='ocrx_word' id='word_1_53' title='bbox 1064 936 1210 980; x_wconf 87' lang='lat' dir='ltr'>filium</span> <span class='ocrx_word' id='word_1_54' title='bbox 1229 934 1313 976; x_wconf 86' lang='lat' dir='ltr'>hac</span> <span class='ocrx_word' id='word_1_55' title='bbox 1332 939 1485 987; x_wconf 50' lang='lat' dir='ltr'>nostra</span> <span class='ocrx_word' id='word_1_56' title='bbox 1505 932 1554 975; x_wconf 89' lang='lat' dir='ltr'>in</span> 
     </span>
     <span class='ocr_line' id='line_1_12' title="bbox 177 1001 1350 1064; baseline -0.002 -20"><span class='ocrx_word' id='word_1_57' title='bbox 177 1003 292 1045; x_wconf 85' lang='lat' dir='ltr'>urbe</span> <span class='ocrx_word' id='word_1_58' title='bbox 312 1004 577 1059; x_wconf 85' lang='lat' dir='ltr'>quibusnam</span> <span class='ocrx_word' id='word_1_59' title='bbox 598 1013 726 1062; x_wconf 85' lang='lat' dir='ltr'>putas</span> <span class='ocrx_word' id='word_1_60' title='bbox 751 1005 1028 1064; x_wconf 74' lang='lat' dir='ltr'>imperasse?</span> <span class='ocrx_word' id='word_1_61' title='bbox 1058 1018 1210 1047; x_wconf 86' lang='lat' dir='ltr'>nonne</span> <span class='ocrx_word' id='word_1_62' title='bbox 1226 1001 1350 1045; x_wconf 78' lang='lat' dir='ltr'>illis?</span> 
     </span>
    </p>

    <p class='ocr_par' dir='ltr' id='par_1_6' title="bbox 295 1072 661 1130">
     <span class='ocr_line' id='line_1_13' title="bbox 295 1072 661 1130; baseline 0.003 -16"><span class='ocrx_word' id='word_1_63' title='bbox 295 1072 401 1117; x_wconf 82' lang='lat' dir='ltr'>lee.</span> <span class='ocrx_word' id='word_1_64' title='bbox 453 1072 661 1130; x_wconf 76' lang='lat' dir='ltr'>Quidni?</span> 
     </span>
    </p>

    <p class='ocr_par' dir='ltr' id='par_1_7' title="bbox 174 1139 1556 1266">
     <span class='ocr_line' id='line_1_14' title="bbox 288 1139 1556 1198; baseline -0.003 -17"><span class='ocrx_word' id='word_1_65' title='bbox 288 1139 360 1181; x_wconf 87' lang='lat' dir='ltr'>So.</span> <span class='ocrx_word' id='word_1_66' title='bbox 418 1140 492 1182; x_wconf 92' lang='lat' dir='ltr'>An</span> <span class='ocrx_word' id='word_1_67' title='bbox 522 1155 633 1182; x_wconf 85' lang='lat' dir='ltr'>vero</span> <span class='ocrx_word' id='word_1_68' title='bbox 666 1139 813 1182; x_wconf 83' lang='lat' dir='ltr'>dicere</span> <span class='ocrx_word' id='word_1_69' title='bbox 840 1140 954 1184; x_wconf 87' lang='lat' dir='ltr'>mihi</span> <span class='ocrx_word' id='word_1_70' title='bbox 971 1139 1141 1198; x_wconf 88' lang='lat' dir='ltr'>poteris</span> <span class='ocrx_word' id='word_1_71' title='bbox 1165 1150 1358 1195; x_wconf 87' lang='lat' dir='ltr'>quonam</span> <span class='ocrx_word' id='word_1_72' title='bbox 1379 1150 1556 1178; x_wconf 86' lang='lat' dir='ltr'>nuncu-</span> 
     </span>
     <span class='ocr_line' id='line_1_15' title="bbox 174 1203 1555 1266; baseline -0.001 -20"><span class='ocrx_word' id='word_1_73' title='bbox 174 1211 344 1261; x_wconf 80' lang='lat' dir='ltr'>pentur</span> <span class='ocrx_word' id='word_1_74' title='bbox 364 1208 548 1248; x_wconf 89' lang='lat' dir='ltr'>nomine</span> <span class='ocrx_word' id='word_1_75' title='bbox 569 1207 693 1250; x_wconf 83' lang='lat' dir='ltr'>Bacis</span> <span class='ocrx_word' id='word_1_76' title='bbox 716 1215 759 1249; x_wconf 84' lang='lat' dir='ltr'>et</span> <span class='ocrx_word' id='word_1_77' title='bbox 781 1208 952 1266; x_wconf 78' lang='lat' dir='ltr'>Sibyne</span> <span class='ocrx_word' id='word_1_78' title='bbox 971 1217 1016 1251; x_wconf 84' lang='lat' dir='ltr'>et</span> <span class='ocrx_word' id='word_1_79' title='bbox 1039 1216 1213 1250; x_wconf 80' lang='lat' dir='ltr'>nostras</span> <span class='ocrx_word' id='word_1_80' title='bbox 1231 1203 1555 1261; x_wconf 80' lang='lat' dir='ltr'>Amphilytus?</span> 
     </span>
    </p>

    <p class='ocr_par' dir='ltr' id='par_1_8' title="bbox 291 1272 1374 1332">
     <span class='ocr_line' id='line_1_16' title="bbox 291 1272 1374 1332; baseline -0.002 -17"><span class='ocrx_word' id='word_1_81' title='bbox 291 1272 399 1316; x_wconf 72' lang='lat' dir='ltr'>The.</span> <span class='ocrx_word' id='word_1_82' title='bbox 459 1273 670 1332; x_wconf 83' lang='lat' dir='ltr'>Quonam</span> <span class='ocrx_word' id='word_1_83' title='bbox 691 1275 804 1327; x_wconf 80' lang='lat' dir='ltr'>alio,</span> <span class='ocrx_word' id='word_1_84' title='bbox 842 1275 1050 1327; x_wconf 82' lang='lat' dir='ltr'>Socrate,</span> <span class='ocrx_word' id='word_1_85' title='bbox 1080 1274 1167 1318; x_wconf 84' lang='lat' dir='ltr'>nisi</span> <span class='ocrx_word' id='word_1_86' title='bbox 1186 1272 1374 1316; x_wconf 79' lang='lat' dir='ltr'>vatum?</span> 
     </span>
    </p>

    <p class='ocr_par' dir='ltr' id='par_1_9' title="bbox 174 1338 1556 1535">
     <span class='ocr_line' id='line_1_17' title="bbox 289 1338 1556 1397; baseline 0.001 -16"><span class='ocrx_word' id='word_1_87' title='bbox 289 1339 362 1382; x_wconf 88' lang='lat' dir='ltr'>So.</span> <span class='ocrx_word' id='word_1_88' title='bbox 418 1340 555 1383; x_wconf 85' lang='lat' dir='ltr'>Recte</span> <span class='ocrx_word' id='word_1_89' title='bbox 585 1341 709 1383; x_wconf 88' lang='lat' dir='ltr'>dicis.</span> <span class='ocrx_word' id='word_1_90' title='bbox 750 1342 842 1384; x_wconf 79' lang='lat' dir='ltr'>iam</span> <span class='ocrx_word' id='word_1_91' title='bbox 865 1358 975 1384; x_wconf 86' lang='lat' dir='ltr'>vero</span> <span class='ocrx_word' id='word_1_92' title='bbox 997 1343 1051 1384; x_wconf 87' lang='lat' dir='ltr'>de</span> <span class='ocrx_word' id='word_1_93' title='bbox 1071 1341 1142 1382; x_wconf 90' lang='lat' dir='ltr'>his</span> <span class='ocrx_word' id='word_1_94' title='bbox 1165 1354 1340 1397; x_wconf 90' lang='lat' dir='ltr'>quoque</span> <span class='ocrx_word' id='word_1_95' title='bbox 1363 1338 1476 1380; x_wconf 88' lang='lat' dir='ltr'>mihi</span> <span class='ocrx_word' id='word_1_96' title='bbox 1495 1340 1556 1382; x_wconf 80' lang='lat' dir='ltr'>ita</span> 
     </span>
     <span class='ocr_line' id='line_1_18' title="bbox 179 1406 1554 1465; baseline -0.001 -15"><span class='ocrx_word' id='word_1_97' title='bbox 179 1420 340 1450; x_wconf 84' lang='lat' dir='ltr'>conare</span> <span class='ocrx_word' id='word_1_98' title='bbox 377 1407 674 1464; x_wconf 87' lang='lat' dir='ltr'>respondere,</span> <span class='ocrx_word' id='word_1_99' title='bbox 718 1424 913 1465; x_wconf 86' lang='lat' dir='ltr'>quonam</span> <span class='ocrx_word' id='word_1_100' title='bbox 941 1409 1192 1453; x_wconf 80' lang='lat' dir='ltr'>afficiantur</span> <span class='ocrx_word' id='word_1_101' title='bbox 1221 1407 1407 1450; x_wconf 89' lang='lat' dir='ltr'>nomine</span> <span class='ocrx_word' id='word_1_102' title='bbox 1438 1406 1554 1465; x_wconf 83' lang='lat' dir='ltr'>Hip-</span> 
     </span>
     <span class='ocr_line' id='line_1_19' title="bbox 174 1474 1253 1535; baseline 0.003 -17"><span class='ocrx_word' id='word_1_103' title='bbox 174 1476 271 1534; x_wconf 84' lang='lat' dir='ltr'>pias</span> <span class='ocrx_word' id='word_1_104' title='bbox 291 1482 334 1517; x_wconf 84' lang='lat' dir='ltr'>et</span> <span class='ocrx_word' id='word_1_105' title='bbox 352 1474 595 1517; x_wconf 81' lang='lat' dir='ltr'>Periander</span> <span class='ocrx_word' id='word_1_106' title='bbox 618 1483 807 1535; x_wconf 83' lang='lat' dir='ltr'>propter</span> <span class='ocrx_word' id='word_1_107' title='bbox 827 1477 949 1520; x_wconf 88' lang='lat' dir='ltr'>idem</span> <span class='ocrx_word' id='word_1_108' title='bbox 970 1476 1216 1534; x_wconf 79' lang='lat' dir='ltr'>imperium</span> <span class='ocrx_word' id='word_1_109' title='bbox 1230 1475 1253 1518; x_wconf 71' lang='grc' dir='ltr'>’ἓ</span> 
     </span>
    </p>

    <p class='ocr_par' dir='ltr' id='par_1_10' title="bbox 297 1542 1421 1602">
     <span class='ocr_line' id='line_1_20' title="bbox 297 1542 1421 1602; baseline -0.001 -15"><span class='ocrx_word' id='word_1_110' title='bbox 297 1543 401 1587; x_wconf 77' lang='lat' dir='ltr'>The.</span> <span class='ocrx_word' id='word_1_111' title='bbox 458 1542 668 1586; x_wconf 83' lang='lat' dir='ltr'>Arbitror</span> <span class='ocrx_word' id='word_1_112' title='bbox 685 1553 1013 1602; x_wconf 81' lang='lat' dir='ltr'>tyrannorum3</span> <span class='ocrx_word' id='word_1_113' title='bbox 1043 1559 1132 1601; x_wconf 90' lang='lat' dir='ltr'>quo</span> <span class='ocrx_word' id='word_1_114' title='bbox 1157 1543 1277 1586; x_wconf 90' lang='lat' dir='ltr'>enim</span> <span class='ocrx_word' id='word_1_115' title='bbox 1299 1543 1384 1586; x_wconf 87' lang='lat' dir='ltr'>alio</span> <span class='ocrx_word' id='word_1_116' title='bbox 1399 1544 1421 1586; x_wconf 72' lang='grc' dir='ltr'>’ἓ</span> 
     </span>
    </p>

    <p class='ocr_par' dir='ltr' id='par_1_11' title="bbox 177 1610 1557 1857">
     <span class='ocr_line' id='line_1_21' title="bbox 290 1610 1556 1669; baseline -0.001 -16"><span class='ocrx_word' id='word_1_117' title='bbox 290 1611 362 1653; x_wconf 83' lang='lat' dir='ltr'>So.</span> <span class='ocrx_word' id='word_1_118' title='bbox 421 1610 589 1652; x_wconf 23' lang='lat' dir='ltr'>Nonne*</span> <span class='ocrx_word' id='word_1_119' title='bbox 609 1611 747 1667; x_wconf 85' lang='lat' dir='ltr'>igitur</span> <span class='ocrx_word' id='word_1_120' title='bbox 770 1612 845 1668; x_wconf 87' lang='lat' dir='ltr'>qui</span> <span class='ocrx_word' id='word_1_121' title='bbox 878 1613 1000 1669; x_wconf 86' lang='lat' dir='ltr'>cupit</span> <span class='ocrx_word' id='word_1_122' title='bbox 1019 1611 1278 1653; x_wconf 81' lang='lat' dir='ltr'>hominibus</span> <span class='ocrx_word' id='word_1_123' title='bbox 1296 1611 1346 1654; x_wconf 77' lang='lat' dir='ltr'>in</span> <span class='ocrx_word' id='word_1_124' title='bbox 1377 1611 1556 1655; x_wconf 81' lang='lat' dir='ltr'>civitate</span> 
     </span>
     <span class='ocr_line' id='line_1_22' title="bbox 177 1677 1557 1736; baseline -0.002 -14"><span class='ocrx_word' id='word_1_125' title='bbox 177 1677 434 1722; x_wconf 84' lang='lat' dir='ltr'>viventibus</span> <span class='ocrx_word' id='word_1_126' title='bbox 457 1677 516 1730; x_wconf 73' lang='lat' dir='ltr'>ad</span> <span class='ocrx_word' id='word_1_127' title='bbox 532 1692 672 1720; x_wconf 88' lang='lat' dir='ltr'>unum</span> <span class='ocrx_word' id='word_1_128' title='bbox 699 1679 906 1720; x_wconf 87' lang='lat' dir='ltr'>omnibus</span> <span class='ocrx_word' id='word_1_129' title='bbox 931 1679 1173 1736; x_wconf 86' lang='lat' dir='ltr'>imperare,</span> <span class='ocrx_word' id='word_1_130' title='bbox 1192 1678 1312 1721; x_wconf 89' lang='lat' dir='ltr'>idem</span> <span class='ocrx_word' id='word_1_131' title='bbox 1338 1686 1469 1734; x_wconf 88' lang='lat' dir='ltr'>atque</span> <span class='ocrx_word' id='word_1_132' title='bbox 1487 1677 1557 1720; x_wconf 88' lang='lat' dir='ltr'>illi</span> 
     </span>
     <span class='ocr_line' id='line_1_23' title="bbox 177 1744 1556 1804; baseline -0.001 -15"><span class='ocrx_word' id='word_1_133' title='bbox 177 1745 425 1804; x_wconf 85' lang='lat' dir='ltr'>imperium</span> <span class='ocrx_word' id='word_1_134' title='bbox 459 1744 656 1802; x_wconf 86' lang='lat' dir='ltr'>appetit,</span> <span class='ocrx_word' id='word_1_135' title='bbox 694 1745 1006 1802; x_wconf 84' lang='lat' dir='ltr'>tyrannidem,</span> <span class='ocrx_word' id='word_1_136' title='bbox 1053 1745 1268 1804; x_wconf 85' lang='lat' dir='ltr'>cupitque</span> <span class='ocrx_word' id='word_1_137' title='bbox 1306 1760 1354 1788; x_wconf 88' lang='lat' dir='ltr'>se</span> <span class='ocrx_word' id='word_1_138' title='bbox 1397 1755 1556 1804; x_wconf 84' lang='lat' dir='ltr'>tyran-</span> 
     </span>
     <span class='ocr_line' id='line_1_24' title="bbox 177 1812 437 1857; baseline -0.012 -1"><span class='ocrx_word' id='word_1_139' title='bbox 177 1828 286 1857; x_wconf 85' lang='lat' dir='ltr'>num</span> <span class='ocrx_word' id='word_1_140' title='bbox 311 1812 437 1854; x_wconf 79' lang='lat' dir='ltr'>esse?</span> 
     </span>
    </p>

    <p class='ocr_par' dir='ltr' id='par_1_12' title="bbox 297 1879 597 1923">
     <span class='ocr_line' id='line_1_25' title="bbox 297 1879 597 1923; baseline -0.003 -1"><span class='ocrx_word' id='word_1_141' title='bbox 297 1880 405 1922; x_wconf 76' lang='lat' dir='ltr'>The.</span> <span class='ocrx_word' id='word_1_142' title='bbox 462 1879 597 1923; x_wconf 82' lang='lat' dir='ltr'>Patet.</span> 
     </span>
    </p>

    <p class='ocr_par' dir='ltr' id='par_1_13' title="bbox 232 1945 1181 2006">
     <span class='ocr_line' id='line_1_26' title="bbox 232 1945 1181 2006; baseline 0.004 -19"><span class='ocrx_word' id='word_1_143' title='bbox 232 1967 235 1972; x_wconf 95' lang='lat'>·</span> <span class='ocrx_word' id='word_1_144' title='bbox 288 1945 360 1990; x_wconf 83' lang='lat' dir='ltr'>So.</span> <span class='ocrx_word' id='word_1_145' title='bbox 417 1945 580 1988; x_wconf 88' lang='lat' dir='ltr'>Nonne</span> <span class='ocrx_word' id='word_1_146' title='bbox 599 1946 714 1989; x_wconf 87' lang='lat' dir='ltr'>hanc</span> <span class='ocrx_word' id='word_1_147' title='bbox 735 1957 778 1998; x_wconf 71' lang='lat' dir='ltr'>te</span> <span class='ocrx_word' id='word_1_148' title='bbox 801 1957 1014 2006; x_wconf 88' lang='lat' dir='ltr'>appetere</span> <span class='ocrx_word' id='word_1_149' title='bbox 1040 1948 1181 1991; x_wconf 77' lang='lat' dir='ltr'>dicis?</span> 
     </span>
    </p>

    <p class='ocr_par' dir='ltr' id='par_1_14' title="bbox 297 2012 1471 2072">
     <span class='ocr_line' id='line_1_27' title="bbox 297 2012 1471 2072; baseline 0.003 -19"><span class='ocrx_word' id='word_1_150' title='bbox 297 2012 405 2054; x_wconf 72' lang='lat' dir='ltr'>The.</span> <span class='ocrx_word' id='word_1_151' title='bbox 463 2013 655 2057; x_wconf 85' lang='lat' dir='ltr'>Videtur</span> <span class='ocrx_word' id='word_1_152' title='bbox 674 2030 778 2057; x_wconf 85' lang='lat' dir='ltr'>sane</span> <span class='ocrx_word' id='word_1_153' title='bbox 798 2030 855 2057; x_wconf 80' lang='lat' dir='ltr'>ex</span> <span class='ocrx_word' id='word_1_154' title='bbox 877 2015 947 2057; x_wconf 89' lang='lat' dir='ltr'>his</span> <span class='ocrx_word' id='word_1_155' title='bbox 970 2030 1083 2071; x_wconf 87' lang='lat' dir='ltr'>quae</span> <span class='ocrx_word' id='word_1_156' title='bbox 1105 2031 1186 2072; x_wconf 85' lang='lat' dir='ltr'>ego</span> <span class='ocrx_word' id='word_1_157' title='bbox 1207 2014 1471 2072; x_wconf 76' lang='lat' dir='ltr'>memoravi.</span> 
     </span>
    </p>

    <p class='ocr_par' dir='ltr' id='par_1_15' title="bbox 175 2079 1554 2611">
     <span class='ocr_line' id='line_1_28' title="bbox 289 2079 1553 2138; baseline 0.003 -17"><span class='ocrx_word' id='word_1_158' title='bbox 289 2079 363 2122; x_wconf 89' lang='lat' dir='ltr'>So.</span> <span class='ocrx_word' id='word_1_159' title='bbox 423 2080 462 2121; x_wconf 92' lang='grc' dir='ltr'><strong>Ο</strong></span> <span class='ocrx_word' id='word_1_160' title='bbox 482 2081 685 2134; x_wconf 86' lang='lat' dir='ltr'>sceleste,</span> <span class='ocrx_word' id='word_1_161' title='bbox 726 2091 970 2138; x_wconf 83' lang='lat' dir='ltr'>tyrannum</span> <span class='ocrx_word' id='word_1_162' title='bbox 993 2097 1098 2138; x_wconf 88' lang='lat' dir='ltr'>ergo</span> <span class='ocrx_word' id='word_1_163' title='bbox 1125 2090 1167 2124; x_wconf 87' lang='lat' dir='ltr'>te</span> <span class='ocrx_word' id='word_1_164' title='bbox 1191 2096 1283 2123; x_wconf 91' lang='lat' dir='ltr'>esse</span> <span class='ocrx_word' id='word_1_165' title='bbox 1303 2081 1349 2124; x_wconf 91' lang='lat' dir='ltr'>in</span> <span class='ocrx_word' id='word_1_166' title='bbox 1371 2097 1451 2124; x_wconf 89' lang='lat' dir='ltr'>nos</span> <span class='ocrx_word' id='word_1_167' title='bbox 1473 2098 1553 2125; x_wconf 88' lang='lat' dir='ltr'>cu·-</span> 
     </span>
     <span class='ocr_line' id='line_1_29' title="bbox 177 2146 1554 2207; baseline 0.002 -19"><span class='ocrx_word' id='word_1_168' title='bbox 177 2147 306 2206; x_wconf 81' lang='lat' dir='ltr'>piens</span> <span class='ocrx_word' id='word_1_169' title='bbox 338 2146 506 2190; x_wconf 85' lang='lat' dir='ltr'>dudum</span> <span class='ocrx_word' id='word_1_170' title='bbox 537 2149 657 2205; x_wconf 87' lang='lat' dir='ltr'>patri</span> <span class='ocrx_word' id='word_1_171' title='bbox 677 2148 876 2191; x_wconf 92' lang='lat' dir='ltr'>obiecisti</span> <span class='ocrx_word' id='word_1_172' title='bbox 899 2149 1015 2205; x_wconf 86' lang='lat' dir='ltr'>quod</span> <span class='ocrx_word' id='word_1_173' title='bbox 1039 2157 1083 2204; x_wconf 78' lang='lat' dir='ltr'>te</span> <span class='ocrx_word' id='word_1_174' title='bbox 1103 2163 1197 2190; x_wconf 89' lang='lat' dir='ltr'>non</span> <span class='ocrx_word' id='word_1_175' title='bbox 1215 2148 1389 2201; x_wconf 81' lang='lat' dir='ltr'>miserit</span> <span class='ocrx_word' id='word_1_176' title='bbox 1408 2149 1460 2190; x_wconf 84' lang='lat' dir='ltr'>ad</span> <span class='ocrx_word' id='word_1_177' title='bbox 1480 2158 1554 2207; x_wconf 80' lang='lat' dir='ltr'>ty-</span> 
     </span>
     <span class='ocr_line' id='line_1_30' title="bbox 175 2213 1550 2270; baseline 0.001 -14"><span class='ocrx_word' id='word_1_178' title='bbox 175 2214 375 2257; x_wconf 83' lang='lat' dir='ltr'>rannidis</span> <span class='ocrx_word' id='word_1_179' title='bbox 398 2214 658 2270; x_wconf 87' lang='lat' dir='ltr'>magistrum</span> <span class='ocrx_word' id='word_1_180' title='bbox 675 2215 696 2257; x_wconf 70' lang='lat'>‘2&#39;</span> <span class='ocrx_word' id='word_1_181' title='bbox 751 2215 809 2258; x_wconf 91' lang='lat' dir='ltr'>Et</span> <span class='ocrx_word' id='word_1_182' title='bbox 836 2223 898 2267; x_wconf 79' lang='lat' dir='ltr'>tn,</span> <span class='ocrx_word' id='word_1_183' title='bbox 922 2215 1190 2268; x_wconf 89' lang='lat' dir='ltr'>Demodoce,</span> <span class='ocrx_word' id='word_1_184' title='bbox 1214 2231 1306 2257; x_wconf 90' lang='lat' dir='ltr'>non</span> <span class='ocrx_word' id='word_1_185' title='bbox 1326 2213 1550 2259; x_wconf 86' lang='lat' dir='ltr'>induceris</span> 
     </span>
     <span class='ocr_line' id='line_1_31' title="bbox 178 2280 1552 2340; baseline 0.002 -17"><span class='ocrx_word' id='word_1_186' title='bbox 178 2281 231 2323; x_wconf 83' lang='lat' dir='ltr'>ad</span> <span class='ocrx_word' id='word_1_187' title='bbox 251 2281 512 2338; x_wconf 80' lang='lat' dir='ltr'>pudendum</span> <span class='ocrx_word' id='word_1_188' title='bbox 535 2282 712 2338; x_wconf 86' lang='lat' dir='ltr'>pridem</span> <span class='ocrx_word' id='word_1_189' title='bbox 732 2282 874 2325; x_wconf 90' lang='lat' dir='ltr'>sciens</span> <span class='ocrx_word' id='word_1_190' title='bbox 897 2282 1003 2339; x_wconf 84' lang='lat' dir='ltr'>quid</span> <span class='ocrx_word' id='word_1_191' title='bbox 1029 2291 1207 2340; x_wconf 86' lang='lat' dir='ltr'>appetat</span> <span class='ocrx_word' id='word_1_192' title='bbox 1223 2280 1329 2325; x_wconf 83' lang='lat' dir='ltr'>hic?</span> <span class='ocrx_word' id='word_1_193' title='bbox 1358 2292 1552 2340; x_wconf 84' lang='lat' dir='ltr'>etqunm</span> 
     </span>
     <span class='ocr_line' id='line_1_32' title="bbox 177 2347 1553 2409; baseline 0.004 -21"><span class='ocrx_word' id='word_1_194' title='bbox 177 2347 339 2390; x_wconf 85' lang='lat' dir='ltr'>habeas</span> <span class='ocrx_word' id='word_1_195' title='bbox 374 2363 461 2404; x_wconf 88' lang='lat' dir='ltr'>quo</span> <span class='ocrx_word' id='word_1_196' title='bbox 494 2349 675 2390; x_wconf 88' lang='lat' dir='ltr'>missum</span> <span class='ocrx_word' id='word_1_197' title='bbox 707 2364 810 2393; x_wconf 91' lang='lat' dir='ltr'>eum</span> <span class='ocrx_word' id='word_1_198' title='bbox 830 2349 946 2392; x_wconf 86' lang='lat' dir='ltr'>illius</span> <span class='ocrx_word' id='word_1_199' title='bbox 967 2350 1209 2407; x_wconf 85' lang='lat' dir='ltr'>sapientiae</span> <span class='ocrx_word' id='word_1_200' title='bbox 1230 2364 1362 2407; x_wconf 85' lang='lat' dir='ltr'>quam</span> <span class='ocrx_word' id='word_1_201' title='bbox 1383 2352 1553 2409; x_wconf 84' lang='lat' dir='ltr'>appetit</span> 
     </span>
     <span class='ocr_line' id='line_1_33' title="bbox 182 2413 1550 2474; baseline 0.004 -20"><span class='ocrx_word' id='word_1_202' title='bbox 182 2413 397 2458; x_wconf 83' lang='lat' dir='ltr'>artificem</span> <span class='ocrx_word' id='word_1_203' title='bbox 415 2415 555 2472; x_wconf 87' lang='lat' dir='ltr'>possis</span> <span class='ocrx_word' id='word_1_204' title='bbox 577 2415 775 2466; x_wconf 82' lang='lat' dir='ltr'>efficere,</span> <span class='ocrx_word' id='word_1_205' title='bbox 804 2416 976 2459; x_wconf 83' lang='lat' dir='ltr'>invides</span> <span class='ocrx_word' id='word_1_206' title='bbox 1002 2418 1042 2459; x_wconf 89' lang='lat' dir='ltr'>ei</span> <span class='ocrx_word' id='word_1_207' title='bbox 1065 2432 1205 2474; x_wconf 90' lang='lat' dir='ltr'>eoque</span> <span class='ocrx_word' id='word_1_208' title='bbox 1223 2417 1400 2460; x_wconf 79' lang='lat' dir='ltr'>mittere</span> <span class='ocrx_word' id='word_1_209' title='bbox 1419 2433 1550 2461; x_wconf 86' lang='lat' dir='ltr'>recu-</span> 
     </span>
     <span class='ocr_line' id='line_1_34' title="bbox 181 2482 1549 2541; baseline 0.004 -19"><span class='ocrx_word' id='word_1_210' title='bbox 181 2495 248 2522; x_wconf 88' lang='lat' dir='ltr'>sas</span> <span class='ocrx_word' id='word_1_211' title='bbox 263 2482 284 2522; x_wconf 78' lang='lat'>¹?</span> <span class='ocrx_word' id='word_1_212' title='bbox 318 2497 436 2524; x_wconf 87' lang='lat' dir='ltr'>nunc</span> <span class='ocrx_word' id='word_1_213' title='bbox 460 2483 597 2539; x_wconf 81' lang='lat' dir='ltr'>igitur</span> <span class='ocrx_word' id='word_1_214' title='bbox 612 2515 624 2536; x_wconf 91' lang='lat'>,</span> <span class='ocrx_word' id='word_1_215' title='bbox 656 2492 703 2526; x_wconf 87' lang='lat' dir='ltr'>ut</span> <span class='ocrx_word' id='word_1_216' title='bbox 725 2483 872 2536; x_wconf 89' lang='lat' dir='ltr'>vides,</span> <span class='ocrx_word' id='word_1_217' title='bbox 902 2484 1112 2541; x_wconf 88' lang='lat' dir='ltr'>quoniam</span> <span class='ocrx_word' id='word_1_218' title='bbox 1141 2492 1186 2528; x_wconf 79' lang='lat' dir='ltr'>te</span> <span class='ocrx_word' id='word_1_219' title='bbox 1204 2499 1354 2528; x_wconf 86' lang='lat' dir='ltr'>coram</span> <span class='ocrx_word' id='word_1_220' title='bbox 1377 2501 1450 2529; x_wconf 91' lang='lat' dir='ltr'>me</span> <span class='ocrx_word' id='word_1_221' title='bbox 1474 2501 1549 2528; x_wconf 81' lang='lat' dir='ltr'>ac·-</span> 
     </span>
     <span class='ocr_line' id='line_1_35' title="bbox 181 2549 1551 2611; baseline 0.003 -21"><span class='ocrx_word' id='word_1_222' title='bbox 181 2549 369 2601; x_wconf 84' lang='lat' dir='ltr'>cusavit‚</span> <span class='ocrx_word' id='word_1_223' title='bbox 400 2552 700 2596; x_wconf 85' lang='lat' dir='ltr'>communiter</span> <span class='ocrx_word' id='word_1_224' title='bbox 730 2551 1025 2596; x_wconf 84' lang='lat' dir='ltr'>deliberemus</span> <span class='ocrx_word' id='word_1_225' title='bbox 1049 2567 1129 2611; x_wconf 90' lang='lat' dir='ltr'>ego</span> <span class='ocrx_word' id='word_1_226' title='bbox 1154 2561 1198 2597; x_wconf 87' lang='lat' dir='ltr'>et</span> <span class='ocrx_word' id='word_1_227' title='bbox 1215 2560 1288 2606; x_wconf 80' lang='lat' dir='ltr'>tu,</span> <span class='ocrx_word' id='word_1_228' title='bbox 1315 2554 1368 2596; x_wconf 84' lang='lat' dir='ltr'>ad</span> <span class='ocrx_word' id='word_1_229' title='bbox 1393 2567 1551 2609; x_wconf 87' lang='lat' dir='ltr'>quem-</span> 
     </span>
    </p>
   </div>
   <div class='ocr_carea' id='block_1_5' title="bbox 180 2616 1550 2741">
    <p class='ocr_par' dir='ltr' id='par_1_16' title="bbox 180 2616 1550 2741">
     <span class='ocr_line' id='line_1_36' title="bbox 180 2616 1550 2678; baseline 0.006 -23"><span class='ocrx_word' id='word_1_230' title='bbox 180 2629 286 2656; x_wconf 87' lang='lat' dir='ltr'>nam</span> <span class='ocrx_word' id='word_1_231' title='bbox 307 2616 567 2672; x_wconf 80' lang='lat' dir='ltr'>magistrum</span> <span class='ocrx_word' id='word_1_232' title='bbox 589 2634 689 2664; x_wconf 90' lang='lat' dir='ltr'>eum</span> <span class='ocrx_word' id='word_1_233' title='bbox 708 2619 932 2663; x_wconf 85' lang='lat' dir='ltr'>mittamus</span> <span class='ocrx_word' id='word_1_234' title='bbox 954 2629 997 2664; x_wconf 87' lang='lat' dir='ltr'>et</span> <span class='ocrx_word' id='word_1_235' title='bbox 1017 2635 1106 2676; x_wconf 90' lang='lat' dir='ltr'>quo</span> <span class='ocrx_word' id='word_1_236' title='bbox 1128 2620 1438 2678; x_wconf 85' lang='lat' dir='ltr'>utenssapiens</span> <span class='ocrx_word' id='word_1_237' title='bbox 1450 2620 1550 2663; x_wconf 15' lang='lat' dir='ltr'>fieri*</span> 
     </span>
     <span class='ocr_line' id='line_1_37' title="bbox 181 2682 572 2741; baseline 0.013 -18"><span class='ocrx_word' id='word_1_238' title='bbox 181 2682 320 2741; x_wconf 85' lang='lat' dir='ltr'>possit</span> <span class='ocrx_word' id='word_1_239' title='bbox 341 2691 572 2741; x_wconf 84' lang='lat' dir='ltr'>tyrannus.</span> 
     </span>
    </p>
   </div>
  </div>
 </body>
</html>
