<?xml version="1.0" encoding="UTF-8"?>
<!DOCTYPE html PUBLIC "-//W3C//DTD XHTML 1.0 Transitional//EN"
    "http://www.w3.org/TR/xhtml1/DTD/xhtml1-transitional.dtd">
<html xmlns="http://www.w3.org/1999/xhtml" xml:lang="en" lang="en">
 <head>
  <title>
</title>
<meta http-equiv="Content-Type" content="text/html;charset=utf-8" />
  <meta name='ocr-system' content='tesseract 3.04.00' />
  <meta name='ocr-capabilities' content='ocr_page ocr_carea ocr_par ocr_line ocrx_word'/>
</head>
<body>
  <div class='ocr_page' id='page_1' title='image "./quaeexstantopera08platuoft_0175.png"; bbox 0 0 1734 2872; ppageno 0'>
   <div class='ocr_carea' id='block_1_1' title="bbox 634 158 1476 228">
    <p class='ocr_par' dir='ltr' id='par_1_1' title="bbox 634 158 1476 228">
     <span class='ocr_line' id='line_1_1' title="bbox 634 158 1476 228; baseline 0.004 -14"><span class='ocrx_word' id='word_1_1' title='bbox 634 158 684 214; x_wconf 77' lang='lat' dir='ltr'>c&#39;=</span> <span class='ocrx_word' id='word_1_2' title='bbox 703 174 743 214; x_wconf 84' lang='lat' dir='ltr'>R-</span> <span class='ocrx_word' id='word_1_3' title='bbox 764 174 802 228; x_wconf 43' lang='lat'>,1</span> <span class='ocrx_word' id='word_1_4' title='bbox 830 175 867 215; x_wconf 85' lang='grc' dir='ltr'><strong>Τ</strong></span> <span class='ocrx_word' id='word_1_5' title='bbox 910 175 962 213; x_wconf 83' lang='grc' dir='ltr'>ο.</span> <span class='ocrx_word' id='word_1_6' title='bbox 1377 174 1476 218; x_wconf 83' lang='lat'>&#39;167</span> 
     </span>
    </p>
   </div>
   <div class='ocr_carea' id='block_1_2' title="bbox 44 288 1550 2714">
    <p class='ocr_par' dir='ltr' id='par_1_2' title="bbox 99 288 1550 746">
     <span class='ocr_line' id='line_1_2' title="bbox 109 288 1550 352; baseline -0.003 -14"><span class='ocrx_word' id='word_1_7' title='bbox 109 297 197 338; x_wconf 82' lang='lat' dir='ltr'>lem</span> <span class='ocrx_word' id='word_1_8' title='bbox 214 288 296 352; x_wconf 77' lang='lat' dir='ltr'>ego</span> <span class='ocrx_word' id='word_1_9' title='bbox 316 294 564 350; x_wconf 78' lang='lat' dir='ltr'>numquam</span> <span class='ocrx_word' id='word_1_10' title='bbox 585 291 771 336; x_wconf 87' lang='lat' dir='ltr'>omnino</span> <span class='ocrx_word' id='word_1_11' title='bbox 789 289 1017 349; x_wconf 74' lang='lat' dir='ltr'>reperiam</span> <span class='ocrx_word' id='word_1_12' title='bbox 1028 296 1042 346; x_wconf 67' lang='lat'>,⁴</span> <span class='ocrx_word' id='word_1_13' title='bbox 1079 289 1214 336; x_wconf 71' lang='lat' dir='ltr'>etia&#39;m</span> <span class='ocrx_word' id='word_1_14' title='bbox 1231 289 1385 336; x_wconf 83' lang='lat' dir='ltr'>multis</span> <span class='ocrx_word' id='word_1_15' title='bbox 1405 292 1481 336; x_wconf 86' lang='lat' dir='ltr'>vi-·</span> <span class='ocrx_word' id='word_1_16' title='bbox 1545 317 1550 326; x_wconf 49' lang='grc' dir='ltr'>ι</span> 
     </span>
     <span class='ocr_line' id='line_1_3' title="bbox 107 354 1477 420; baseline -0.002 -15"><span class='ocrx_word' id='word_1_17' title='bbox 107 363 270 413; x_wconf 74' lang='lat' dir='ltr'>deber,</span> <span class='ocrx_word' id='word_1_18' title='bbox 300 363 395 420; x_wconf 58' lang='lat' dir='ltr'>&#39;qui</span> <span class='ocrx_word' id='word_1_19' title='bbox 421 376 497 404; x_wconf 91' lang='lat' dir='ltr'>me</span> <span class='ocrx_word' id='word_1_20' title='bbox 525 369 570 404; x_wconf 86' lang='lat' dir='ltr'>et</span> <span class='ocrx_word' id='word_1_21' title='bbox 586 368 630 404; x_wconf 87' lang='lat' dir='ltr'>te</span> <span class='ocrx_word' id='word_1_22' title='bbox 651 372 744 402; x_wconf 83' lang='lat' dir='ltr'>non</span> <span class='ocrx_word' id='word_1_23' title='bbox 763 354 1075 412; x_wconf 60' lang='lat' dir='ltr'>satis‘norunt,</span> <span class='ocrx_word' id='word_1_24' title='bbox 1103 360 1274 418; x_wconf 84' lang='lat' dir='ltr'>quippe</span> <span class='ocrx_word' id='word_1_25' title='bbox 1292 359 1369 417; x_wconf 86' lang='lat' dir='ltr'>qui</span> <span class='ocrx_word' id='word_1_26' title='bbox 1387 375 1477 418; x_wconf 90' lang='lat' dir='ltr'>po-</span> 
     </span>
     <span class='ocr_line' id='line_1_4' title="bbox 106 425 1478 486; baseline -0.003 -12"><span class='ocrx_word' id='word_1_27' title='bbox 106 431 283 481; x_wconf 75' lang='lat' dir='ltr'>tuissem</span> <span class='ocrx_word' id='word_1_28' title='bbox 316 438 361 473; x_wconf 87' lang='lat' dir='ltr'>te</span> <span class='ocrx_word' id='word_1_29' title='bbox 391 442 572 477; x_wconf 81' lang='lat' dir='ltr'>servare</span> <span class='ocrx_word' id='word_1_30' title='bbox 600 426 638 470; x_wconf 89' lang='lat' dir='ltr'>si</span> <span class='ocrx_word' id='word_1_31' title='bbox 664 425 906 486; x_wconf 86' lang='lat' dir='ltr'>pecuniam</span> <span class='ocrx_word' id='word_1_32' title='bbox 934 426 1199 483; x_wconf 84' lang='lat' dir='ltr'><strong>impendere</strong></span> <span class='ocrx_word' id='word_1_33' title='bbox 1221 426 1478 480; x_wconf 86' lang='lat' dir='ltr'>voluissem,</span> 
     </span>
     <span class='ocr_line' id='line_1_5' title="bbox 101 493 1478 556; baseline -0.003 -15"><span class='ocrx_word' id='word_1_34' title='bbox 101 508 147 542; x_wconf 90' lang='lat' dir='ltr'>te</span> <span class='ocrx_word' id='word_1_35' title='bbox 167 498 430 556; x_wconf 80' lang='lat' dir='ltr'>neglexisse.</span> <span class='ocrx_word' id='word_1_36' title='bbox 455 511 568 554; x_wconf 87' lang='lat' dir='ltr'>quae</span> <span class='ocrx_word' id='word_1_37' title='bbox 587 503 736 550; x_wconf 72' lang='lat' dir='ltr'>autem</span> <span class='ocrx_word' id='word_1_38' title='bbox 758 494 890 553; x_wconf 85' lang='lat' dir='ltr'>peior</span> <span class='ocrx_word' id='word_1_39' title='bbox 907 502 1056 552; x_wconf 87' lang='lat' dir='ltr'>potest</span> <span class='ocrx_word' id='word_1_40' title='bbox 1076 508 1168 536; x_wconf 91' lang='lat' dir='ltr'>esse</span> <span class='ocrx_word' id='word_1_41' title='bbox 1186 493 1478 547; x_wconf 75' lang='lat' dir='ltr'>existimatio,</span> 
     </span>
     <span class='ocr_line' id='line_1_6' title="bbox 99 561 1480 623; baseline -0.001 -15"><span class='ocrx_word' id='word_1_42' title='bbox 99 580 232 623; x_wconf 83' lang='lat' dir='ltr'>quam</span> <span class='ocrx_word' id='word_1_43' title='bbox 263 566 300 608; x_wconf 89' lang='lat' dir='ltr'>si</span> <span class='ocrx_word' id='word_1_44' title='bbox 321 565 421 622; x_wconf 90' lang='lat' dir='ltr'>quis</span> <span class='ocrx_word' id='word_1_45' title='bbox 445 564 730 607; x_wconf 84' lang='lat' dir='ltr'>existimetur</span> <span class='ocrx_word' id='word_1_46' title='bbox 749 561 986 621; x_wconf 85' lang='lat' dir='ltr'>pecuniam</span> <span class='ocrx_word' id='word_1_47' title='bbox 1006 562 1156 620; x_wconf 88' lang='lat' dir='ltr'>pluris·</span> <span class='ocrx_word' id='word_1_48' title='bbox 1170 561 1318 606; x_wconf 83' lang='lat' dir='ltr'>facere</span> <span class='ocrx_word' id='word_1_49' title='bbox 1342 568 1480 620; x_wconf 71' lang='lat' dir='ltr'>quai‘n</span> 
     </span>
     <span class='ocr_line' id='line_1_7' title="bbox 100 630 1478 688; baseline -0.004 -11"><span class='ocrx_word' id='word_1_50' title='bbox 100 634 300 677; x_wconf 83' lang='lat' dir='ltr'>amicos?</span> <span class='ocrx_word' id='word_1_51' title='bbox 347 647 441 676; x_wconf 90' lang='lat' dir='ltr'>non</span> <span class='ocrx_word' id='word_1_52' title='bbox 477 633 600 675; x_wconf 86' lang='lat' dir='ltr'>enim</span> <span class='ocrx_word' id='word_1_53' title='bbox 632 631 782 674; x_wconf 84' lang='lat' dir='ltr'>credet</span> <span class='ocrx_word' id='word_1_54' title='bbox 810 630 993 688; x_wconf 84' lang='lat' dir='ltr'>volgus,</span> <span class='ocrx_word' id='word_1_55' title='bbox 1031 636 1078 672; x_wconf 86' lang='lat' dir='ltr'>te</span> <span class='ocrx_word' id='word_1_56' title='bbox 1099 630 1250 688; x_wconf 87' lang='lat' dir='ltr'>ipsum</span> <span class='ocrx_word' id='word_1_57' title='bbox 1283 630 1478 674; x_wconf 90' lang='lat' dir='ltr'>noluisse</span> 
     </span>
     <span class='ocr_line' id='line_1_8' title="bbox 99 698 902 746; baseline -0.006 0"><span class='ocrx_word' id='word_1_58' title='bbox 99 703 206 746; x_wconf 86' lang='lat' dir='ltr'>hinc</span> <span class='ocrx_word' id='word_1_59' title='bbox 227 701 351 745; x_wconf 88' lang='lat' dir='ltr'>abire</span> <span class='ocrx_word' id='word_1_60' title='bbox 368 699 498 743; x_wconf 90' lang='lat' dir='ltr'>nobis</span> <span class='ocrx_word' id='word_1_61' title='bbox 514 698 902 743; x_wconf 77' lang='lat' dir='ltr'>contendentibus.</span> 
     </span>
    </p>

    <p class='ocr_par' dir='ltr' id='par_1_3' title="bbox 99 763 1477 1015">
     <span class='ocr_line' id='line_1_9' title="bbox 211 763 1477 825; baseline -0.002 -12"><span class='ocrx_word' id='word_1_62' title='bbox 211 763 284 814; x_wconf 81' lang='lat' dir='ltr'>So.</span> <span class='ocrx_word' id='word_1_63' title='bbox 321 769 383 812; x_wconf 86' lang='lat' dir='ltr'>At</span> <span class='ocrx_word' id='word_1_64' title='bbox 402 768 509 825; x_wconf 88' lang='lat' dir='ltr'>quid</span> <span class='ocrx_word' id='word_1_65' title='bbox 528 768 684 820; x_wconf 89' lang='lat' dir='ltr'>nobis,</span> <span class='ocrx_word' id='word_1_66' title='bbox 717 768 783 810; x_wconf 89' lang='lat' dir='ltr'>mi</span> <span class='ocrx_word' id='word_1_67' title='bbox 804 766 974 825; x_wconf 83' lang='lat' dir='ltr'>optime</span> <span class='ocrx_word' id='word_1_68' title='bbox 995 765 1123 812; x_wconf 85' lang='lat' dir='ltr'>Crito</span> <span class='ocrx_word' id='word_1_69' title='bbox 1135 797 1148 820; x_wconf 86' lang='lat'>,</span> <span class='ocrx_word' id='word_1_70' title='bbox 1174 772 1325 809; x_wconf 88' lang='lat' dir='ltr'>tantae</span> <span class='ocrx_word' id='word_1_71' title='bbox 1345 780 1477 810; x_wconf 84' lang='lat' dir='ltr'>curae</span> 
     </span>
     <span class='ocr_line' id='line_1_10' title="bbox 100 830 1476 900; baseline -0.001 -22"><span class='ocrx_word' id='word_1_72' title='bbox 100 844 167 880; x_wconf 86' lang='lat' dir='ltr'>est</span> <span class='ocrx_word' id='word_1_73' title='bbox 196 837 315 895; x_wconf 85' lang='lat' dir='ltr'>volgi</span> <span class='ocrx_word' id='word_1_74' title='bbox 338 836 527 895; x_wconf 85' lang='lat' dir='ltr'>opinio?</span> <span class='ocrx_word' id='word_1_75' title='bbox 563 835 905 894; x_wconf 79' lang='lat' dir='ltr'>prudentissimi</span> <span class='ocrx_word' id='word_1_76' title='bbox 925 830 1075 887; x_wconf 82' lang='lat' dir='ltr'>enim,</span> <span class='ocrx_word' id='word_1_77' title='bbox 1119 848 1312 892; x_wconf 88' lang='lat' dir='ltr'>quorum</span> <span class='ocrx_word' id='word_1_78' title='bbox 1335 834 1476 900; x_wconf 70' lang='lat' dir='ltr'>magis</span> 
     </span>
     <span class='ocr_line' id='line_1_11' title="bbox 101 902 1477 959; baseline -0.001 -13"><span class='ocrx_word' id='word_1_79' title='bbox 101 920 127 946; x_wconf 84' lang='lat' dir='ltr'>a</span> <span class='ocrx_word' id='word_1_80' title='bbox 160 905 288 947; x_wconf 85' lang='lat' dir='ltr'>vobis</span> <span class='ocrx_word' id='word_1_81' title='bbox 320 904 436 948; x_wconf 90' lang='lat' dir='ltr'>ratio</span> <span class='ocrx_word' id='word_1_82' title='bbox 465 903 670 946; x_wconf 89' lang='lat' dir='ltr'>habenda</span> <span class='ocrx_word' id='word_1_83' title='bbox 689 912 777 956; x_wconf 86' lang='lat' dir='ltr'>est,</span> <span class='ocrx_word' id='word_1_84' title='bbox 810 902 920 946; x_wconf 86' lang='lat' dir='ltr'>haec</span> <span class='ocrx_word' id='word_1_85' title='bbox 939 902 1003 945; x_wconf 86' lang='lat' dir='ltr'>ita</span> <span class='ocrx_word' id='word_1_86' title='bbox 1022 902 1246 959; x_wconf 88' lang='lat' dir='ltr'>putabunt</span> <span class='ocrx_word' id='word_1_87' title='bbox 1264 910 1359 946; x_wconf 85' lang='lat' dir='ltr'>acta</span> <span class='ocrx_word' id='word_1_88' title='bbox 1382 917 1477 945; x_wconf 85' lang='lat' dir='ltr'>esse</span> 
     </span>
     <span class='ocr_line' id='line_1_12' title="bbox 99 972 745 1015; baseline 0 -1"><span class='ocrx_word' id='word_1_89' title='bbox 99 972 163 1015; x_wconf 85' lang='lat' dir='ltr'>uti</span> <span class='ocrx_word' id='word_1_90' title='bbox 187 972 371 1015; x_wconf 88' lang='lat' dir='ltr'>fuerunt</span> <span class='ocrx_word' id='word_1_91' title='bbox 388 979 498 1013; x_wconf 87' lang='lat' dir='ltr'>acta.</span> <span class='ocrx_word' id='word_1_92' title='bbox 739 1009 745 1014; x_wconf 79' lang='grc'><strong>.</strong></span> 
     </span>
    </p>

    <p class='ocr_par' dir='ltr' id='par_1_4' title="bbox 95 1036 1476 1352">
     <span class='ocr_line' id='line_1_13' title="bbox 215 1036 1473 1095; baseline -0.002 -14"><span class='ocrx_word' id='word_1_93' title='bbox 215 1038 290 1081; x_wconf 84' lang='lat' dir='ltr'>Cr.</span> <span class='ocrx_word' id='word_1_94' title='bbox 334 1038 507 1082; x_wconf 90' lang='lat' dir='ltr'>Verum</span> <span class='ocrx_word' id='word_1_95' title='bbox 529 1037 655 1080; x_wconf 85' lang='lat' dir='ltr'>vides</span> <span class='ocrx_word' id='word_1_96' title='bbox 674 1044 840 1090; x_wconf 88' lang='lat' dir='ltr'>tamen,</span> <span class='ocrx_word' id='word_1_97' title='bbox 862 1036 1058 1092; x_wconf 81' lang='lat' dir='ltr'>Socrate,</span> <span class='ocrx_word' id='word_1_98' title='bbox 1088 1039 1222 1082; x_wconf 81' lang='lat' dir='ltr'>etiam</span> <span class='ocrx_word' id='word_1_99' title='bbox 1241 1037 1348 1095; x_wconf 88' lang='lat' dir='ltr'>quid</span> <span class='ocrx_word' id='word_1_100' title='bbox 1367 1037 1473 1080; x_wconf 84' lang='lat' dir='ltr'>vol-</span> 
     </span>
     <span class='ocr_line' id='line_1_14' title="bbox 97 1097 1475 1164; baseline -0.002 -15"><span class='ocrx_word' id='word_1_101' title='bbox 97 1122 179 1164; x_wconf 85' lang='lat' dir='ltr'>gus</span> <span class='ocrx_word' id='word_1_102' title='bbox 219 1106 380 1149; x_wconf 79' lang='lat' dir='ltr'>sentiat</span> <span class='ocrx_word' id='word_1_103' title='bbox 406 1097 654 1149; x_wconf 83' lang='lat' dir='ltr'>curandum</span> <span class='ocrx_word' id='word_1_104' title='bbox 683 1120 787 1148; x_wconf 87' lang='lat' dir='ltr'>esse.</span> <span class='ocrx_word' id='word_1_105' title='bbox 824 1105 922 1164; x_wconf 86' lang='lat' dir='ltr'>ipsa</span> <span class='ocrx_word' id='word_1_106' title='bbox 948 1106 1071 1149; x_wconf 89' lang='lat' dir='ltr'>enim</span> <span class='ocrx_word' id='word_1_107' title='bbox 1104 1106 1153 1148; x_wconf 87' lang='lat' dir='ltr'>in</span> <span class='ocrx_word' id='word_1_108' title='bbox 1182 1120 1268 1163; x_wconf 89' lang='lat' dir='ltr'>qua</span> <span class='ocrx_word' id='word_1_109' title='bbox 1286 1119 1406 1147; x_wconf 91' lang='lat' dir='ltr'>nunc</span> <span class='ocrx_word' id='word_1_110' title='bbox 1429 1118 1475 1146; x_wconf 85' lang='lat' dir='ltr'>es</span> 
     </span>
     <span class='ocr_line' id='line_1_15' title="bbox 97 1172 1476 1229; baseline -0.003 -13"><span class='ocrx_word' id='word_1_111' title='bbox 97 1187 227 1216; x_wconf 84' lang='lat' dir='ltr'>causa</span> <span class='ocrx_word' id='word_1_112' title='bbox 261 1172 454 1215; x_wconf 82' lang='lat' dir='ltr'>ostendit</span> <span class='ocrx_word' id='word_1_113' title='bbox 491 1172 601 1215; x_wconf 84' lang='lat' dir='ltr'>istos</span> <span class='ocrx_word' id='word_1_114' title='bbox 638 1187 770 1229; x_wconf 83' lang='lat' dir='ltr'>posse</span> <span class='ocrx_word' id='word_1_115' title='bbox 800 1187 894 1215; x_wconf 87' lang='lat' dir='ltr'>non</span> <span class='ocrx_word' id='word_1_116' title='bbox 920 1173 1217 1217; x_wconf 84' lang='lat' dir='ltr'>minimorum</span> <span class='ocrx_word' id='word_1_117' title='bbox 1248 1173 1476 1214; x_wconf 80' lang='lat' dir='ltr'>malorum</span> 
     </span>
     <span class='ocr_line' id='line_1_16' title="bbox 97 1239 1472 1299; baseline -0.003 -15"><span class='ocrx_word' id='word_1_118' title='bbox 97 1248 298 1284; x_wconf 80' lang='lat' dir='ltr'>auctores</span> <span class='ocrx_word' id='word_1_119' title='bbox 325 1239 451 1290; x_wconf 87' lang='lat' dir='ltr'>fieri,</span> <span class='ocrx_word' id='word_1_120' title='bbox 480 1241 559 1282; x_wconf 85' lang='lat' dir='ltr'>sed</span> <span class='ocrx_word' id='word_1_121' title='bbox 589 1240 899 1283; x_wconf 84' lang='lat' dir='ltr'>maximorum</span> <span class='ocrx_word' id='word_1_122' title='bbox 918 1239 1039 1294; x_wconf 88' lang='lat' dir='ltr'>fere,</span> <span class='ocrx_word' id='word_1_123' title='bbox 1069 1242 1111 1284; x_wconf 88' lang='lat' dir='ltr'>si</span> <span class='ocrx_word' id='word_1_124' title='bbox 1134 1241 1232 1298; x_wconf 87' lang='lat' dir='ltr'>quis</span> <span class='ocrx_word' id='word_1_125' title='bbox 1254 1239 1374 1299; x_wconf 87' lang='lat' dir='ltr'>apud</span> <span class='ocrx_word' id='word_1_126' title='bbox 1396 1254 1472 1281; x_wconf 92' lang='lat' dir='ltr'>eos</span> 
     </span>
     <span class='ocr_line' id='line_1_17' title="bbox 95 1305 1409 1352; baseline -0.005 0"><span class='ocrx_word' id='word_1_127' title='bbox 95 1309 340 1352; x_wconf 76' lang='lat' dir='ltr'>infamatus</span> <span class='ocrx_word' id='word_1_128' title='bbox 376 1305 528 1348; x_wconf 79' lang='lat' dir='ltr'>fuerit.</span> <span class='ocrx_word' id='word_1_129' title='bbox 1406 1348 1409 1352; x_wconf 61' lang='grc'>,</span> 
     </span>
    </p>

    <p class='ocr_par' dir='ltr' id='par_1_5' title="bbox 91 1373 1473 1758">
     <span class='ocr_line' id='line_1_18' title="bbox 206 1373 1473 1432; baseline 0 -14"><span class='ocrx_word' id='word_1_130' title='bbox 206 1375 274 1418; x_wconf 86' lang='lat' dir='ltr'>So.</span> <span class='ocrx_word' id='word_1_131' title='bbox 333 1375 374 1416; x_wconf 92' lang='grc' dir='ltr'>Ο</span> <span class='ocrx_word' id='word_1_132' title='bbox 399 1373 436 1416; x_wconf 92' lang='lat' dir='ltr'>si</span> <span class='ocrx_word' id='word_1_133' title='bbox 457 1382 639 1432; x_wconf 85' lang='lat' dir='ltr'>possent</span> <span class='ocrx_word' id='word_1_134' title='bbox 656 1374 754 1429; x_wconf 85' lang='lat' dir='ltr'>isti,</span> <span class='ocrx_word' id='word_1_135' title='bbox 779 1374 844 1419; x_wconf 87' lang='lat' dir='ltr'>mi</span> <span class='ocrx_word' id='word_1_136' title='bbox 865 1373 1018 1428; x_wconf 85' lang='lat' dir='ltr'>Crito,</span> <span class='ocrx_word' id='word_1_137' title='bbox 1044 1375 1355 1418; x_wconf 83' lang='lat' dir='ltr'>maximorum</span> <span class='ocrx_word' id='word_1_138' title='bbox 1373 1389 1473 1418; x_wconf 85' lang='lat' dir='ltr'>ma·-</span> 
     </span>
     <span class='ocr_line' id='line_1_19' title="bbox 92 1441 1473 1507; baseline -0.003 -19"><span class='ocrx_word' id='word_1_139' title='bbox 92 1446 250 1507; x_wconf 64' lang='lat' dir='ltr'>lorum&#39;</span> <span class='ocrx_word' id='word_1_140' title='bbox 274 1450 478 1485; x_wconf 85' lang='lat' dir='ltr'>auctores</span> <span class='ocrx_word' id='word_1_141' title='bbox 512 1442 637 1495; x_wconf 88' lang='lat' dir='ltr'>fieri,</span> <span class='ocrx_word' id='word_1_142' title='bbox 674 1451 726 1485; x_wconf 89' lang='lat' dir='ltr'>ut</span> <span class='ocrx_word' id='word_1_143' title='bbox 753 1442 888 1485; x_wconf 81' lang='lat' dir='ltr'>etiam</span> <span class='ocrx_word' id='word_1_144' title='bbox 920 1441 1143 1484; x_wconf 89' lang='lat' dir='ltr'>bonorum</span> <span class='ocrx_word' id='word_1_145' title='bbox 1163 1442 1265 1486; x_wconf 89' lang='lat' dir='ltr'>fieri</span> <span class='ocrx_word' id='word_1_146' title='bbox 1289 1450 1473 1502; x_wconf 76' lang='lat' dir='ltr'>possent</span> 
     </span>
     <span class='ocr_line' id='line_1_20' title="bbox 94 1509 1472 1570; baseline -0.001 -14"><span class='ocrx_word' id='word_1_147' title='bbox 94 1512 430 1561; x_wconf 82' lang='lat' dir='ltr'>maximorum3</span> <span class='ocrx_word' id='word_1_148' title='bbox 466 1523 573 1552; x_wconf 85' lang='lat' dir='ltr'>nam</span> <span class='ocrx_word' id='word_1_149' title='bbox 601 1510 716 1552; x_wconf 81' lang='lat' dir='ltr'>bene</span> <span class='ocrx_word' id='word_1_150' title='bbox 742 1509 948 1564; x_wconf 83' lang='lat' dir='ltr'>haberet3</span> <span class='ocrx_word' id='word_1_151' title='bbox 986 1525 1108 1553; x_wconf 90' lang='lat' dir='ltr'>nunc</span> <span class='ocrx_word' id='word_1_152' title='bbox 1130 1520 1344 1554; x_wconf 88' lang='lat' dir='ltr'>neutrum</span> <span class='ocrx_word' id='word_1_153' title='bbox 1361 1527 1472 1570; x_wconf 84' lang='lat' dir='ltr'>pos-</span> 
     </span>
     <span class='ocr_line' id='line_1_21' title="bbox 93 1577 1468 1637; baseline -0.002 -14"><span class='ocrx_word' id='word_1_154' title='bbox 93 1588 223 1632; x_wconf 85' lang='lat' dir='ltr'>sunt3</span> <span class='ocrx_word' id='word_1_155' title='bbox 255 1592 400 1634; x_wconf 87' lang='lat' dir='ltr'>neque</span> <span class='ocrx_word' id='word_1_156' title='bbox 421 1578 542 1620; x_wconf 88' lang='lat' dir='ltr'>enim</span> <span class='ocrx_word' id='word_1_157' title='bbox 561 1577 810 1635; x_wconf 76' lang='lat' dir='ltr'>sapientem</span> <span class='ocrx_word' id='word_1_158' title='bbox 830 1593 976 1635; x_wconf 89' lang='lat' dir='ltr'>neque</span> <span class='ocrx_word' id='word_1_159' title='bbox 993 1578 1282 1637; x_wconf 83' lang='lat' dir='ltr'>insipientem</span> <span class='ocrx_word' id='word_1_160' title='bbox 1307 1593 1468 1636; x_wconf 88' lang='lat' dir='ltr'>quem-</span> 
     </span>
     <span class='ocr_line' id='line_1_22' title="bbox 94 1644 1469 1704; baseline 0.001 -16"><span class='ocrx_word' id='word_1_161' title='bbox 94 1661 228 1704; x_wconf 87' lang='lat' dir='ltr'>quam</span> <span class='ocrx_word' id='word_1_162' title='bbox 270 1653 457 1703; x_wconf 85' lang='lat' dir='ltr'>possunt</span> <span class='ocrx_word' id='word_1_163' title='bbox 497 1644 646 1688; x_wconf 83' lang='lat' dir='ltr'>facere</span> <span class='ocrx_word' id='word_1_164' title='bbox 656 1679 671 1698; x_wconf 90' lang='lat'>,</span> <span class='ocrx_word' id='word_1_165' title='bbox 715 1646 793 1689; x_wconf 91' lang='lat' dir='ltr'>sed</span> <span class='ocrx_word' id='word_1_166' title='bbox 832 1646 1005 1689; x_wconf 83' lang='lat' dir='ltr'>faciunt</span> <span class='ocrx_word' id='word_1_167' title='bbox 1034 1647 1248 1704; x_wconf 87' lang='lat' dir='ltr'>quicquid</span> <span class='ocrx_word' id='word_1_168' title='bbox 1280 1646 1469 1691; x_wconf 82' lang='lat' dir='ltr'>fortuito</span> 
     </span>
     <span class='ocr_line' id='line_1_23' title="bbox 91 1714 315 1758; baseline 0.009 -2"><span class='ocrx_word' id='word_1_169' title='bbox 91 1714 315 1758; x_wconf 82' lang='lat' dir='ltr'>obiicitur.</span> 
     </span>
    </p>

    <p class='ocr_par' dir='ltr' id='par_1_6' title="bbox 44 1779 1472 2442">
     <span class='ocr_line' id='line_1_24' title="bbox 209 1779 1469 1836; baseline 0.004 -13"><span class='ocrx_word' id='word_1_170' title='bbox 209 1779 284 1823; x_wconf 87' lang='lat' dir='ltr'>Gr.</span> <span class='ocrx_word' id='word_1_171' title='bbox 339 1779 439 1824; x_wconf 90' lang='lat' dir='ltr'>Sint</span> <span class='ocrx_word' id='word_1_172' title='bbox 468 1780 577 1824; x_wconf 84' lang='lat' dir='ltr'>haec</span> <span class='ocrx_word' id='word_1_173' title='bbox 610 1781 694 1824; x_wconf 83' lang='lat' dir='ltr'>isto</span> <span class='ocrx_word' id='word_1_174' title='bbox 714 1782 863 1824; x_wconf 86' lang='lat' dir='ltr'>modo.</span> <span class='ocrx_word' id='word_1_175' title='bbox 902 1789 947 1824; x_wconf 82' lang='lat' dir='ltr'>at</span> <span class='ocrx_word' id='word_1_176' title='bbox 979 1781 1092 1825; x_wconf 82' lang='lat' dir='ltr'>illud</span> <span class='ocrx_word' id='word_1_177' title='bbox 1113 1782 1229 1826; x_wconf 89' lang='lat' dir='ltr'>mihi</span> <span class='ocrx_word' id='word_1_178' title='bbox 1253 1783 1351 1836; x_wconf 83' lang='lat' dir='ltr'>dic,</span> <span class='ocrx_word' id='word_1_179' title='bbox 1382 1783 1469 1828; x_wconf 91' lang='lat' dir='ltr'>So-</span> 
     </span>
     <span class='ocr_line' id='line_1_25' title="bbox 94 1848 1467 1907; baseline 0.002 -16"><span class='ocrx_word' id='word_1_180' title='bbox 94 1858 236 1892; x_wconf 80' lang='lat' dir='ltr'>crate:</span> <span class='ocrx_word' id='word_1_181' title='bbox 263 1864 375 1891; x_wconf 91' lang='lat' dir='ltr'>num</span> <span class='ocrx_word' id='word_1_182' title='bbox 398 1848 515 1890; x_wconf 85' lang='lat' dir='ltr'>forte</span> <span class='ocrx_word' id='word_1_183' title='bbox 533 1849 646 1891; x_wconf 81' lang='lat' dir='ltr'>mihi</span> <span class='ocrx_word' id='word_1_184' title='bbox 667 1849 887 1907; x_wconf 87' lang='lat' dir='ltr'>prospicis</span> <span class='ocrx_word' id='word_1_185' title='bbox 909 1848 1156 1905; x_wconf 86' lang='lat' dir='ltr'>ceterisque</span> <span class='ocrx_word' id='word_1_186' title='bbox 1176 1852 1354 1906; x_wconf 86' lang='lat' dir='ltr'>amicis,</span> <span class='ocrx_word' id='word_1_187' title='bbox 1391 1868 1467 1904; x_wconf 90' lang='lat' dir='ltr'>ne,</span> 
     </span>
     <span class='ocr_line' id='line_1_26' title="bbox 94 1915 1471 1976; baseline 0.004 -18"><span class='ocrx_word' id='word_1_188' title='bbox 94 1917 132 1958; x_wconf 88' lang='lat' dir='ltr'>si</span> <span class='ocrx_word' id='word_1_189' title='bbox 156 1924 206 1957; x_wconf 89' lang='lat' dir='ltr'>tu</span> <span class='ocrx_word' id='word_1_190' title='bbox 225 1915 331 1958; x_wconf 88' lang='lat' dir='ltr'>hinc</span> <span class='ocrx_word' id='word_1_191' title='bbox 349 1915 554 1967; x_wconf 86' lang='lat' dir='ltr'>evaseris,</span> <span class='ocrx_word' id='word_1_192' title='bbox 574 1915 790 1959; x_wconf 84' lang='lat' dir='ltr'>delatores</span> <span class='ocrx_word' id='word_1_193' title='bbox 809 1916 941 1959; x_wconf 86' lang='lat' dir='ltr'>nobis</span> <span class='ocrx_word' id='word_1_194' title='bbox 958 1918 1192 1976; x_wconf 85' lang='lat' dir='ltr'>negotium</span> <span class='ocrx_word' id='word_1_195' title='bbox 1212 1919 1471 1971; x_wconf 82' lang='lat' dir='ltr'>exhibeant,</span> 
     </span>
     <span class='ocr_line' id='line_1_27' title="bbox 94 1981 1472 2044; baseline 0.004 -20"><span class='ocrx_word' id='word_1_196' title='bbox 94 1983 262 2044; x_wconf 83' lang='lat' dir='ltr'>quippe</span> <span class='ocrx_word' id='word_1_197' title='bbox 280 1982 358 2037; x_wconf 89' lang='lat' dir='ltr'>qui</span> <span class='ocrx_word' id='word_1_198' title='bbox 379 1981 492 2024; x_wconf 88' lang='lat' dir='ltr'>clam</span> <span class='ocrx_word' id='word_1_199' title='bbox 511 1991 556 2024; x_wconf 78' lang='lat' dir='ltr'>te</span> <span class='ocrx_word' id='word_1_200' title='bbox 574 1982 681 2024; x_wconf 90' lang='lat' dir='ltr'>hinc</span> <span class='ocrx_word' id='word_1_201' title='bbox 700 1982 1038 2038; x_wconf 87' lang='lat' dir='ltr'>abduxerimus,</span> <span class='ocrx_word' id='word_1_202' title='bbox 1066 2001 1371 2042; x_wconf 83' lang='lat' dir='ltr'>oogamurque</span> <span class='ocrx_word' id='word_1_203' title='bbox 1394 1996 1472 2030; x_wconf 82' lang='lat' dir='ltr'>aut</span> 
     </span>
     <span class='ocr_line' id='line_1_28' title="bbox 95 2049 1469 2110; baseline 0.003 -18"><span class='ocrx_word' id='word_1_204' title='bbox 95 2049 249 2092; x_wconf 86' lang='lat' dir='ltr'>omnia</span> <span class='ocrx_word' id='word_1_205' title='bbox 282 2049 403 2091; x_wconf 87' lang='lat' dir='ltr'>bona</span> <span class='ocrx_word' id='word_1_206' title='bbox 439 2049 646 2091; x_wconf 81' lang='lat' dir='ltr'>amittere</span> <span class='ocrx_word' id='word_1_207' title='bbox 686 2057 764 2091; x_wconf 86' lang='lat' dir='ltr'>aut</span> <span class='ocrx_word' id='word_1_208' title='bbox 789 2063 998 2106; x_wconf 81' lang='lat' dir='ltr'>magnam</span> <span class='ocrx_word' id='word_1_209' title='bbox 1026 2059 1200 2108; x_wconf 85' lang='lat' dir='ltr'>partem</span> <span class='ocrx_word' id='word_1_210' title='bbox 1234 2055 1469 2110; x_wconf 86' lang='lat' dir='ltr'>pecuniae,</span> 
     </span>
     <span class='ocr_line' id='line_1_29' title="bbox 93 2114 1469 2180; baseline 0.004 -21"><span class='ocrx_word' id='word_1_211' title='bbox 93 2126 170 2162; x_wconf 89' lang='lat' dir='ltr'>aut</span> <span class='ocrx_word' id='word_1_212' title='bbox 191 2116 542 2180; x_wconf 24' lang='lat' dir='ltr'>aliquam—super</span> <span class='ocrx_word' id='word_1_213' title='bbox 559 2114 629 2157; x_wconf 84' lang='lat' dir='ltr'>his</span> <span class='ocrx_word' id='word_1_214' title='bbox 647 2130 839 2173; x_wconf 87' lang='lat' dir='ltr'>poenam</span> <span class='ocrx_word' id='word_1_215' title='bbox 850 2116 1035 2159; x_wconf 79' lang='lat' dir='ltr'>subire?</span> <span class='ocrx_word' id='word_1_216' title='bbox 1061 2118 1215 2174; x_wconf 88' lang='lat' dir='ltr'>quodsi</span> <span class='ocrx_word' id='word_1_217' title='bbox 1227 2120 1332 2176; x_wconf 85' lang='lat' dir='ltr'>quid</span> <span class='ocrx_word' id='word_1_218' title='bbox 1348 2121 1469 2164; x_wconf 89' lang='lat' dir='ltr'>eius-</span> 
     </span>
     <span class='ocr_line' id='line_1_30' title="bbox 44 2182 1465 2243; baseline 0.002 -14"><span class='ocrx_word' id='word_1_219' title='bbox 44 2227 48 2229; x_wconf 76' lang='grc'><strong>,</strong></span> <span class='ocrx_word' id='word_1_220' title='bbox 91 2185 218 2228; x_wconf 87' lang='lat' dir='ltr'>modi</span> <span class='ocrx_word' id='word_1_221' title='bbox 249 2183 438 2235; x_wconf 86' lang='lat' dir='ltr'>metuis,</span> <span class='ocrx_word' id='word_1_222' title='bbox 475 2182 595 2224; x_wconf 88' lang='lat' dir='ltr'>huuc</span> <span class='ocrx_word' id='word_1_223' title='bbox 621 2192 795 2226; x_wconf 85' lang='lat' dir='ltr'>metum</span> <span class='ocrx_word' id='word_1_224' title='bbox 826 2183 1028 2242; x_wconf 83' lang='lat' dir='ltr'>depone:</span> <span class='ocrx_word' id='word_1_225' title='bbox 1063 2200 1146 2228; x_wconf 86' lang='lat' dir='ltr'>nos</span> <span class='ocrx_word' id='word_1_226' title='bbox 1175 2187 1297 2231; x_wconf 89' lang='lat' dir='ltr'>enim</span> <span class='ocrx_word' id='word_1_227' title='bbox 1326 2188 1465 2243; x_wconf 86' lang='lat' dir='ltr'>decet,</span> 
     </span>
     <span class='ocr_line' id='line_1_31' title="bbox 94 2250 1464 2314; baseline 0.003 -20"><span class='ocrx_word' id='word_1_228' title='bbox 94 2252 283 2309; x_wconf 84' lang='lat' dir='ltr'>opinor,</span> <span class='ocrx_word' id='word_1_229' title='bbox 319 2250 386 2293; x_wconf 86' lang='lat' dir='ltr'>tui</span> <span class='ocrx_word' id='word_1_230' title='bbox 415 2250 625 2293; x_wconf 79' lang='lat' dir='ltr'>servandi</span> <span class='ocrx_word' id='word_1_231' title='bbox 654 2250 922 2294; x_wconf 78' lang='lat' dir='ltr'>causa-illud</span> <span class='ocrx_word' id='word_1_232' title='bbox 946 2253 1202 2310; x_wconf 84' lang='lat' dir='ltr'>periculum</span> <span class='ocrx_word' id='word_1_233' title='bbox 1221 2256 1464 2314; x_wconf 85' lang='lat' dir='ltr'>suscipere,</span> 
     </span>
     <span class='ocr_line' id='line_1_32' title="bbox 91 2317 1465 2379; baseline 0.005 -19"><span class='ocrx_word' id='word_1_234' title='bbox 91 2334 169 2371; x_wconf 87' lang='lat' dir='ltr'>ac,</span> <span class='ocrx_word' id='word_1_235' title='bbox 201 2319 238 2362; x_wconf 88' lang='lat' dir='ltr'>si</span> <span class='ocrx_word' id='word_1_236' title='bbox 266 2334 379 2377; x_wconf 82' lang='lat' dir='ltr'>opus</span> <span class='ocrx_word' id='word_1_237' title='bbox 405 2317 571 2369; x_wconf 86' lang='lat' dir='ltr'>fuerit,</span> <span class='ocrx_word' id='word_1_238' title='bbox 608 2317 822 2362; x_wconf 76' lang='lat' dir='ltr'>eoetiam</span> <span class='ocrx_word' id='word_1_239' title='bbox 843 2320 1001 2364; x_wconf 83' lang='lat' dir='ltr'>maius.</span> <span class='ocrx_word' id='word_1_240' title='bbox 1032 2321 1183 2379; x_wconf 85' lang='lat' dir='ltr'>itaque</span> <span class='ocrx_word' id='word_1_241' title='bbox 1202 2322 1316 2367; x_wconf 87' lang='lat' dir='ltr'>mihi</span> <span class='ocrx_word' id='word_1_242' title='bbox 1336 2324 1465 2366; x_wconf 90' lang='lat' dir='ltr'>obse-</span> 
     </span>
     <span class='ocr_line' id='line_1_33' title="bbox 93 2395 622 2442; baseline 0.002 -14"><span class='ocrx_word' id='word_1_243' title='bbox 93 2401 231 2442; x_wconf 88' lang='lat' dir='ltr'>quere</span> <span class='ocrx_word' id='word_1_244' title='bbox 251 2402 364 2429; x_wconf 87' lang='lat' dir='ltr'>neve</span> <span class='ocrx_word' id='word_1_245' title='bbox 383 2395 428 2429; x_wconf 90' lang='lat' dir='ltr'>tu</span> <span class='ocrx_word' id='word_1_246' title='bbox 452 2402 622 2429; x_wconf 84' lang='lat' dir='ltr'>recusa.</span> 
     </span>
    </p>

    <p class='ocr_par' dir='ltr' id='par_1_7' title="bbox 91 2452 1465 2562">
     <span class='ocr_line' id='line_1_34' title="bbox 205 2452 1465 2503; baseline 0.005 -7"><span class='ocrx_word' id='word_1_247' title='bbox 205 2454 277 2499; x_wconf 86' lang='lat' dir='ltr'>So.</span> <span class='ocrx_word' id='word_1_248' title='bbox 334 2454 451 2498; x_wconf 86' lang='lat' dir='ltr'>Sane</span> <span class='ocrx_word' id='word_1_249' title='bbox 491 2462 591 2496; x_wconf 88' lang='lat' dir='ltr'>tum</span> <span class='ocrx_word' id='word_1_250' title='bbox 632 2452 716 2496; x_wconf 87' lang='lat' dir='ltr'>hoc</span> <span class='ocrx_word' id='word_1_251' title='bbox 757 2453 871 2497; x_wconf 84' lang='lat' dir='ltr'>mihi</span> <span class='ocrx_word' id='word_1_252' title='bbox 912 2469 1065 2498; x_wconf 88' lang='lat' dir='ltr'>curam</span> <span class='ocrx_word' id='word_1_253' title='bbox 1095 2455 1225 2501; x_wconf 81' lang='lat' dir='ltr'>affert</span> <span class='ocrx_word' id='word_1_254' title='bbox 1255 2467 1353 2503; x_wconf 83' lang='lat' dir='ltr'>tum</span> <span class='ocrx_word' id='word_1_255' title='bbox 1381 2460 1465 2502; x_wconf 85' lang='lat' dir='ltr'>alia</span> 
     </span>
     <span class='ocr_line' id='line_1_35' title="bbox 91 2520 243 2562; baseline -0.013 0"><span class='ocrx_word' id='word_1_256' title='bbox 91 2520 243 2562; x_wconf 88' lang='lat' dir='ltr'>multa.</span> 
     </span>
    </p>

    <p class='ocr_par' dir='ltr' id='par_1_8' title="bbox 94 2586 1465 2714">
     <span class='ocr_line' id='line_1_36' title="bbox 210 2586 1464 2650; baseline 0.005 -22"><span class='ocrx_word' id='word_1_257' title='bbox 210 2586 278 2630; x_wconf 80' lang='lat' dir='ltr'>Cr.</span> <span class='ocrx_word' id='word_1_258' title='bbox 338 2588 493 2644; x_wconf 82' lang='lat' dir='ltr'>Neque</span> <span class='ocrx_word' id='word_1_259' title='bbox 523 2589 659 2645; x_wconf 78' lang='lat' dir='ltr'>igitur</span> <span class='ocrx_word' id='word_1_260' title='bbox 687 2589 773 2632; x_wconf 85' lang='lat' dir='ltr'>hoc</span> <span class='ocrx_word' id='word_1_261' title='bbox 794 2605 977 2643; x_wconf 87' lang='lat' dir='ltr'>verere3</span> <span class='ocrx_word' id='word_1_262' title='bbox 1017 2606 1120 2633; x_wconf 82' lang='lat' dir='ltr'>nam</span> <span class='ocrx_word' id='word_1_263' title='bbox 1146 2607 1227 2634; x_wconf 88' lang='lat' dir='ltr'>nec</span> <span class='ocrx_word' id='word_1_264' title='bbox 1250 2607 1464 2650; x_wconf 85' lang='lat' dir='ltr'>magnum</span> 
     </span>
     <span class='ocr_line' id='line_1_37' title="bbox 94 2654 1465 2714; baseline 0.006 -20"><span class='ocrx_word' id='word_1_265' title='bbox 94 2663 158 2697; x_wconf 88' lang='lat' dir='ltr'>est</span> <span class='ocrx_word' id='word_1_266' title='bbox 181 2654 379 2711; x_wconf 83' lang='lat' dir='ltr'>pretium</span> <span class='ocrx_word' id='word_1_267' title='bbox 401 2670 489 2712; x_wconf 88' lang='lat' dir='ltr'>quo</span> <span class='ocrx_word' id='word_1_268' title='bbox 509 2656 716 2700; x_wconf 86' lang='lat' dir='ltr'>conducti</span> <span class='ocrx_word' id='word_1_269' title='bbox 735 2658 913 2714; x_wconf 83' lang='lat' dir='ltr'>quidam</span> <span class='ocrx_word' id='word_1_270' title='bbox 937 2667 978 2702; x_wconf 88' lang='lat' dir='ltr'>te</span> <span class='ocrx_word' id='word_1_271' title='bbox 999 2674 1177 2702; x_wconf 81' lang='lat' dir='ltr'>servare</span> <span class='ocrx_word' id='word_1_272' title='bbox 1206 2660 1365 2703; x_wconf 82' lang='lat' dir='ltr'>volunt</span> <span class='ocrx_word' id='word_1_273' title='bbox 1398 2668 1465 2702; x_wconf 81' lang='lat' dir='ltr'>at-</span> 
     </span>
    </p>
   </div>
  </div>
 </body>
</html>
