1734 2872
103 684 506 754 SOCRATES
569 682 1099 734 CHAEREPHON
1144 675 1472 732 'CRITIAS

538 764 1016 815 CHARMIDES.

103 898 274 965 Pridie
303 921 480 980 vesperi
516 935 656 979 quum
677 918 887 967 Potidaea
921 918 975 963 ab
1008 915 1213 963 exercitu
1245 913 1477 973 redissem,

105 992 245 1041 laete,
284 990 451 1048 quippe
480 991 614 1047 longo
643 987 875 1034 intervallo
908 1003 1140 1037 reversus,
1169 985 1340 1029 ad'loo‘a
1363 1002 1477 1044 pro·-

106 1058 246 1101 fectus
269 1073 370 1100 sum
397 1067 630 1111 consueta3
668 1066 800 1114 atque
829 1057 962 1099 etiam
985 1056 1189 1098 Taureae
1210 1055 1479 1110 palaestram

105 1122 272 1168 intravi
307 1123 459 1181 ibique
495 1124 746 1183 permultos
785 1123 975 1177 offendi,
1026 1121 1264 1166 nonnullos
1295 1121 1479 1177 quidem

105 1193 279 1250 ignotos
303 1189 440 1243 mihi,
466 1191 686 1250 plurimos
705 1205 814 1235 vero
836 1200 978 1234 notos.
1006 1199 1138 1247 atque
1156 1203 1234 1234 me
1256 1188 1334 1230 ubi
1356 1187 1481 1230 vide—

105 1267 214 1303 runt
239 1259 483 1303 intrantem
516 1272 575 1300 ex
594 1258 846 1317 insperato,
882 1257 1027 1302 statim
1048 1257 1207 1315 procul
1235 1257 1482 1307 salutarunt

108 1327 219 1371 alius
253 1323 456 1380 aliunde3
495 1326 792 1384 Chaerephon
821 1333 971 1368 autem
1003 1339 1087 1382 pro
1117 1323 1360 1366 furi-hundo
1391 1339 1480 1380 quo

107 1403 173 1438 est
207 1393 388 1452 ingenio
429 1408 487 1436 ex
519 1393 679 1436 mediis
710 1391 798 1436 illis
830 1392 1068 1451 prosiliens
1098 1390 1152 1433 ad
1187 1405 1261 1434 me
1290 1393 1483 1436 accurrit

39 1482 41 1485 ·
106 1475 334 1518 manuque
353 1477 428 1505 me
445 1461 727 1520 prehendens
751 1463 791 1504 O
813 1461 1028 1512 Socrates,
1067 1458 1227 1515 inquit,
1257 1459 1481 1516 quomodo

68 1556 71 1559 <
107 1539 307 1574 servatus
337 1544 384 1572 es
414 1544 439 1571 e
458 1529 640 1588 pugna?
696 1529 854 1572 Paullo
881 1528 1000 1570 enim
1025 1536 1126 1570 ante
1147 1519 1281 1584 quam
1307 1527 1485 1571 abiera-

107 1612 206 1641 mus
235 1612 388 1655 pugna
420 1607 515 1639 erat
547 1596 784 1639 commissa
813 1594 1138 1642 ad'Potidaeam
1156 1594 1225 1636 'de
1243 1610 1330 1651 qua
1348 1595 1482 1637 modo

109 1666 374 1708 audiverant
393 1663 468 1705 hic
494 1671 757 1721 praesentes.
792 1664 915 1705 Tum
937 1676 1016 1718 ego
1038 1662 1079 1703 ei
1098 1661 1374 1718 respondens
1392 1661 1482 1712 Sic,

109 1735 315 1790 inquam,
342 1738 394 1773 ut
416 1730 554 1773 vides.
611 1730 807 1774 Nuntius
827 1738 973 1772 autem
995 1726 1083 1769 huc
1104 1727 1261 1770 allatus
1282 1735 1346 1769 est
1361 1761 1372 1780 ‚
1409 1729 1485 1770 in-

112 1797 231 1857 quit,
267 1813 467 1858 pugnam
500 1797 738 1842 admodum
773 1813 921 1841 acrem
951 1795 1085 1838 fuisse
1105 1804 1150 1837 et
1172 1795 1334 1837 multos
1360 1796 1410 1837 in
1434 1811 1486 1838 ea

112 1876 320 1910 notorum
366 1866 635 1908 occubuisse.
713 1865 773 1909 Et
809 1863 1075 1914 admodum,
1125 1863 1336 1919 inquam,
1377 1878 1486 1907 vera

113 1934 367 1976 renuntiata
385 1940 499 1976 sunt.
552 1932 800 1977 Interfuisti
820 1947 954 1983 vere,
983 1930 1153 1987 inquit,
1183 1931 1369 1988 proelio.
1408 1931 1488 1972 In-

114 1999 266 2046 terfui.
323 2001 407 2043 Hic
425 1999 586 2056 igitur,
614 1999 783 2056 inquit,
812 1999 1006 2041 assidens
1026 1998 1152 2040 nobis
1178 2013 1338 2050 narra3
1368 2012 1489 2039 non-

57 2107 65 2117 ,
116 2067 223 2110 dum
257 2066 378 2110 enim
411 2066 562 2109 omnia
592 2067 726 2124 plane
758 2065 1078 2123 comperimus.
1138 2064 1203 2107 Ac
1224 2064 1359 2106 simul
1380 2064 1491 2106 assi-

116 2137 223 2178 dere
246 2150 317 2177 me
338 2134 467 2178 iussit
488 2135 650 2176 ducens
676 2133 791 2191 apud
819 2134 1007 2176 Criiiam
1032 2131 1302 2175 Callaeschri
1327 2132 1488 2177 filium.

115 2219 254 2261 quum
276 2218 386 2246 vero
407 2201 664 2245 assedissem
687 2201 871 2244 salutavi
893 2201 1081 2243 Critiam
1102 2209 1146 2242 et
1164 2200 1490 2256 ceterosiisque

114 2271 251 2315 retuli
282 2273 338 2314 de
370 2271 573 2313 exercitu
608 2272 727 2326 quod
749 2268 934 2326 quisque
959 2283 1031 2311 me
1053 2268 1264 2326 rogabat3
1293 2267 1491 2311 interro-

116 2338 244 2394 gabat
266 2354 374 2381 vero
397 2338 505 2380 alius
530 2337 661 2380 aliud.

225 2405 466 2462 Postquam
494 2405 564 2448 his
589 2404 730 2447 satiati
754 2418 954 2456 eramus,
992 2420 1072 2462 ego
1097 2403 1293 2446 vicissim
1315 2418 1389 2446 eos
1413 2418 1492 2446 ro-

119 2471 218 2528 gavi
247 2472 300 2514 de
325 2473 459 2516 rebus
480 2473 553 2515 hic
576 2473 736 2529 gestiS,
782 2487 997 2528 quaenam
1023 2482 1134 2515 esset
1155 2487 1362 2530 praesens
1385 2471 1491 2530 phi--

117 2538 345 2596 Iosophiae
370 2556 500 2582 causa
530 2550 573 2582 et
597 2555 652 2581 an
672 2540 790 2581 inter
815 2541 995 2582 iuvenes
1022 2540 1295 2583 exstitissent
1307 2540 1487 2596 quidam

75 2662 77 2665 Ι
117 2606 171 2648 ad
201 2607 465 2664 sapientiam
497 2615 571 2651 aut
600 2606 982 2665 pulchritudinem
1011 2617 1088 2651 aut
1120 2615 1358 2663 utramque
1380 2607 1491 2657 insi·-
