1734 2872
424 151 851 194 ALCIBIADES
891 150 1167 192 PRIMUS.
1381 159 1475 198 297

215 275 284 318 Al.
339 270 567 322 Maxime,
596 269 791 314 Socrate.

214 341 279 380 So.
337 338 614 396 Intelligisne
635 350 756 378 nunc
779 335 1004 392 quomodo
1030 343 1074 379 te
1094 334 1290 381 habeas?
1313 335 1479 381 libera-

105 408 229 460 liter,
257 407 434 450 necne‘?
475 457 478 460 ⁴

210 477 279 516 Al.
337 473 506 518 Videor
526 469 639 513 mihi
657 470 759 514 satis
782 470 897 512 bene
918 470 1181 527 intelligere.
1214 519 1230 529 ,μ

211 546 286 587 δυ,
335 539 454 585 Scin’
487 537 627 596 igitur
654 535 882 595 quomodo
902 537 1033 580 istam
1053 553 1138 594 qua
1157 554 1278 582 nunc
1297 555 1343 582 es
1369 555 1481 584 con-

103 609 320 652 ditionem
352 606 495 668 possis
533 606 764 664 effugere?
794 613 856 648 ‘ut
883 620 943 648 ne
965 605 1165 649 dicamus
1189 621 1288 650 eam
1310 607 1483 667 inlpul-
1551 666 1556 673 ἦ

104 677 214 720 chro
233 677 345 720 viro.

125 743 130 746 ’
212 748 283 786 Al.
340 743 436 801 Ego
460 756 565 785 sane
586 741 687 784 scio.

211 814 278 856 So.
337 810 610 868 Quomodo?
821 844 840 865 ,

211 883 284 923 Al.
343 879 391 923 Si
412 886 463 921 tu
483 875 679 920 volueris
694 908 706 930 ,
734 875 931 952 Somgte.

214 949 284 987 So.
340 946 445 988 Non
468 945 580 986 bene
600 944 734 994 dicis,
763 942 1010 987 Alc1biade.·

213 1015 285 1054 Al.
343 1011 405 1054 At
425 1010 644 1070 quomodo
668 1010 940 1054 dicendum?

211 1083 280 1122 So.
335 1077 383 1121 Si
405 1079 511 1120 deus
534 1077 741 1120 voluerit.

213 1149 283 1186 Al.
342 1145 455 1187 Dico
492 1145 630 1201 igitur
663 1144 760 1187 hoc.
798 1159 847 1186 ac
874 1150 1105 1201 praeterea
1128 1158 1235 1186 sane
1258 1142 1345 1185 hoc
1367 1144 1480 1193 dico,

102 1211 234 1255 facile
252 1212 353 1254 fieri
374 1226 506 1269 posse
526 1220 576 1254 ut
597 1226 809 1268 personas
821 1211 939 1254 inter
952 1227 1033 1253 nos
1044 1219 1370 1269 permutemus,
1391 1211 1480 1255 So-

103 1288 221 1323 crate
235 1311 247 1334 ,
269 1275 337 1323 vita
359 1287 411 1322 ut
429 1287 553 1321 tuam
574 1292 655 1333 ego
679 1286 722 1320 et
743 1287 791 1321 tu
820 1293 968 1320 meam
989 1278 1308 1335 suscipiamus3
1342 1294 1483 1338 quum

103 1348 225 1390 enim
255 1362 329 1391 me
355 1343 545 1389 sectatus‘
572 1343 630 1386 sis
640 1376 655 1395 ,
693 1360 787 1388 non
816 1360 1002 1404 possum
1022 1360 1113 1388 non
1131 1345 1229 1404 ipse
1250 1353 1295 1389 te
1319 1347 1482 1392 sectari

104 1415 156 1457 ab
174 1414 257 1458 hoc
277 1414 364 1457 die.

212 1484 280 1526 So.
299 1497 301 1499 ’
338 1482 378 1524 Ο
418 1494 657 1538 generose,
704 1494 730 1523 a
772 1480 970 1524 ciconiae
1001 1480 1141 1538 igitur
1173 1496 1326 1525 amore
1352 1498 1481 1527 meus

104 1563 256 1592 amore
283 1548 399 1592 nihil
431 1547 629 1599 differet,
658 1548 726 1600 si,
769 1564 910 1604 quum
936 1550 1056 1607 apud
1075 1558 1119 1593 te
1139 1565 1341 1594 amorem
1359 1566 1481 1610 pen-

101 1626 258 1660 natum
276 1615 542 1668 nutriverit,
566 1615 618 1657 ab
644 1615 732 1658 hoc
751 1626 908 1659 rursus]
927 1616 1176 1660 fovebitur.

215 1687 286 1725 Al.
344 1683 460 1727 Sane
488 1683 550 1725 ita
577 1681 734 1738 habet,
769 1691 899 1741 atque
928 1685 1061 1727 etiam
1083 1685 1299 1743 incipiam
1320 1686 1480 1730 dehinc

105 1751 297 1794 iustitiae
314 1752 506 1795 studere.

215 1821 279 1859 So.
331 1819 558 1862 Pervelim
588 1818 721 1862 etiam
751 1834 777 1862 a
807 1827 852 1862 te
881 1821 1194 1877 perseverari3
1228 1821 1367 1864 timeo
1396 1838 1478 1865 au-

105 1891 221 1931 tem,
249 1898 528 1941 nequaquam
558 1885 741 1942 ingenio
762 1895 840 1930 tuo
864 1887 1090 1944 diffidens,
1131 1897 1176 1934 at
1194 1888 1383 1935 civitatis
1403 1888 1477 1934 vi-

108 1949 215 1993 dens
239 1950 400 2005 robur,
429 1966 487 1993 ne
504 1965 578 1994 me
600 1959 644 1995 et
661 1963 706 1999 te
727 1954 891 2000 vincat.
