1734 2872
454 258 462 282 '
593 262 909 303 CRITO.
1141 267 1445 335 '7⁷,171

86 397 150 432 set
172 370 215 429 et
233 384 415 427 facultas
437 381 606 433 fuisset,
629 378 665 422 si
684 377 891 422 homines
911 375 1148 419 fuissemus
1169 375 1241 419 vel
1251 368 1455 434 aliquan·

53 488 65 494 -
85 456 227 499 tulum
259 450 390 507 frugi·
431 449 517 491 hoc
536 463 665 505 ergo,
704 439 910 495 Socrate,
940 443 1042 486 vide
1066 459 1122 486 ne
1143 436 1338 488 simulet
1359 457 1457 487 ma-
1489 490 1495 505 ι

83 525 176 566 lum
208 529 251 563 et
282 529 412 576 turpe
445 517 501 559 sit
533 516 614 559 tibi
642 529 734 556 non
770 513 920 556 minus
948 526 1084 568 quam
1119 511 1260 556 nobis.
1307 509 1457 568 itaque

85 589 306 640 consulta3
343 586 485 627 immo
521 598 576 625 ne
607 581 877 624 consultanti
911 579 1091 636 quidem
1120 579 1262 621 adhuc
1284 587 1457 638 tempus

85 665 174 706 est,
214 654 288 698 sed
323 651 566 695 consultato
588 664 714 708 opus.
754 664 895 692 unum
914 654 1066 690 autem
1087 643 1458 704 superest‘cousi-

84 725 113 766 li
122 740 223 775 um3
252 737 352 764 nam
373 718 704 773 instantiaenocte
722 716 872 760 omnia
892 716 1001 759 haec
1026 724 1202 775 oportet
1220 722 1316 757 acta
1338 730 1458 766 esse3

85 791 123 834 si
146 791 250 848 quid
274 787 602 838 cunctabimur,
646 785 758 829 illud
779 785 868 827 iam
891 801 984 827 non
1007 785 1132 836 licet,
1169 797 1252 825 nec
1275 782 1459 824 facultas

86 867 300 916 superest.
335 870 471 913 quare
509 852 817 906 omnimodo,
857 854 920 895 mi
941 852 1173 904 Socrates,
1214 850 1461 907 obsequere

87 926 224 975 mihi,
249 939 363 967 neve
381 936 544 965 recusa.

200 993 270 1035 So.
326 990 500 1034 Dilect'e
543 988 692 1039 Crito,
739 987 937 1031 studium
978 996 1108 1031 tuum
1150 987 1301 1045 magni
1329 987 1462 1030 aestia

77 1060 302 1103 ‘mandunt
332 1067 422 1110 est,
473 1055 609 1101 modo
641 1064 759 1099 recta
791 1056 904 1100 ratio
933 1070 991 1096 ne
1022 1055 1156 1108 absit,
1202 1054 1273 1097 sin
1311 1069 1460 1103 secus,

89 1134 254 1184 quanto
275 1126 413 1169 maius
434 1123 560 1175 illud,
590 1138 642 1165 eo
665 1123 895 1167 molestius
916 1131 995 1166 est.
1021 1121 1305 1165 considerare
1322 1121 1464 1178 igitur

88 1211 171 1237 nos
198 1200 399 1252 oportet,
433 1191 547 1233 sitne
576 1190 639 1233 ita
668 1191 890 1248 agendum
924 1204 1089 1244 necne3
1124 1203 1340 1246 namego
1371 1203 1464 1231 non

88 1262 232 1304 solum
260 1275 381 1302 nunc
395 1290 407 1311 ,
445 1272 605 1299 verum
638 1272 817 1314 semper
837 1257 875 1299 is
896 1271 1021 1308 sum,
1065 1257 1141 1312 qui
1161 1257 1274 1300 nulli
1298 1256 1374 1298 alii
1395 1256 1465 1299 rei

90 1345 259 1380 earum,
289 1343 395 1384 quas
421 1339 541 1369 meas
567 1314 678 1374 dido,
705 1338 886 1382 paream
908 1322 991 1364 nisi
1012 1323 1191 1371 rationi,
1219 1338 1332 1380 quae
1351 1323 1466 1365 mihi

89 1395 372 1440 ratiocinanti
395 1393 489 1435 visa
507 1392 646 1435 fuerit
663 1391 844 1449 optima.
872 1391 964 1433 >iam
984 1405 1095 1432 vero
1118 1390 1329 1436 rationes,
1358 1406 1465 1448 quas

89 1465 243 1522 priore
273 1469 478 1519 tempore
499 1459 738 1502 afferebam
753 1490 765 1511 ‚
805 1472 897 1501 non
917 1473 1101 1516 possum
1122 1474 1242 1502 nunc
1261 1459 1465 1512 reiicere,

90 1538 325 1589 postquam
361 1530 409 1571 in
431 1528 543 1579 hane
566 1526 725 1570 deveni
745 1527 994 1579 fortunam,
1034 1526 1110 1568 sed
1135 1541 1279 1585 prope
1297 1526 1466 1569 similes

92 1599 302 1642 videntur
331 1596 470 1646 mihi,
510 1596 774 1651 easdemque
802 1609 996 1636 veneror
1025 1602 1069 1637 et
1099 1594 1318 1652 respicio,
1358 1609 1466 1651 quas

94 1666 227 1709 etiam
251 1673 400 1713 antea;
429 1664 589 1720 quibus
613 1663 650 1706 si
673 1679 764 1706 non
784 1662 990 1706 meliores
1011 1660 1231 1705 afferrein
1241 1661 1469 1720 praesenti

92 1732 363 1791 poterimus,
405 1731 513 1774 scito
555 1746 628 1773 me
669 1730 752 1772 tibi
794 1730 983 1772 minime
1011 1744 1327 1773 concessurum
1359 1745 1469 1780 esse,

97 1800 296 1857 quamyis
325 1798 476 1856 plures
507 1798 576 1840 his
601 1813 709 1855 quas
730 1798 929 1841 videmus
948 1796 1216 1840 formidines
1239 1798 1367 1841 nobis
1389 1812 1470 1840 ve-

96 1866 176 1908 luti
207 1867 358 1924 pueris
392 1866 607 1909 obiecerit
636 1865 934 1909 multitudinis
962 1873 1175 1923 potestas,
1216 1865 1406 1909 vinculis
1427 1873 1471 1907 et

96 1933 314 1975 mortibus
343 1940 385 1974 et
411 1933 628 1989 pecuniae
663 1932 939 1975 detrimentis
978 1932 1265 1975 intentandis.
1342 1931 1473 1988 Quo-

98 1999 230 2042 moda
260 2014 363 2055 ergo
397 1999 565 2056 optime
593 1999 701 2040 haec
733 1999 1143 2041 considerabimus?
1201 1998 1250 2043 Si
1269 1999 1473 2055 primum

100 2066 279 2123 quidem
320 2065 624 2122 quaestionem
655 2065 778 2106 illam
812 2064 866 2106 de
892 2064 1472 2122 opinionibus‚repetamus‚

100 2149 233 2190 quam
264 2141 312 2176 tu
341 2132 473 2174 ass'ers
488 2164 499 2184 ,
532 2139 711 2174 rectene
729 2130 838 2173 illud
857 2130 980 2174 omni
1003 2139 1208 2189 tempore
1230 2132 1398 2175 dictum
1417 2132 1475 2175 sit

101 2218 157 2245 an
191 2216 341 2251 secus,
380 2200 486 2241 alias
516 2198 747 2256 opiniones
770 2198 1014 2240 attentione
1032 2199 1170 2242 animi
1195 2200 1348 2257 dignas
1367 2210 1473 2255 esse,

103 2285 156 2312 an
180 2269 440 2327 priusquam
461 2265 572 2308 mihi
597 2263 878 2308 moriendum
900 2274 1034 2317 esset,
1075 2275 1197 2310 recte
1217 2266 1382 2312 dictum
1400 2269 1472 2320 sit,

103 2353 222 2379 nunc
243 2345 388 2378 autem
410 2333 608 2393 patuerit
627 2334 689 2375 sio
715 2339 885 2376 temere
907 2332 1014 2375 dicis
1033 2348 1163 2376 causa
1186 2335 1354 2379 dictum
1365 2351 1473 2388 esse,

107 2419 243 2461 quum
278 2418 437 2447 revera
468 2399 578 2443 nihil
607 2400 728 2443 aliud
751 2409 862 2444 esset
881 2399 965 2443 nisi
986 2400 1116 2443 ludus
1139 2410 1183 2446 et
1203 2418 1356 2462 nugae.
1394 2419 1477 2447 cu-

106 2470 185 2528 pio
214 2469 443 2526 cquidem,
486 2468 635 2519 Crito.
667 2483 756 2511 una
775 2476 921 2512 tecum
947 2467 1220 2526 disquirere,
1256 2471 1478 2528 numquid

110 2538 283 2579 diversa
312 2536 425 2580 ratio
458 2536 534 2578 illa
563 2534 676 2577 mihi
705 2535 929 2587 videatur,
963 2545 1250 2593 posteaquam
1281 2538 1368 2582 huc
1397 2538 1477 2581 de-

110 2605 211 2646 veni
229 2638 241 2655 ,
283 2619 338 2646 au
362 2603 512 2646 eadem
530 2634 541 2654 ,
584 2611 625 2645 et
649 2602 920 2661 repudianda
941 2604 997 2646 sit
1014 2619 1070 2646 an
1090 2606 1314 2662 sequenda
1331 2606 1476 2649 nobis.

112 2672 338 2715 dicebatur
359 2670 479 2713 enim
498 2669 622 2720 fere,
650 2679 701 2713 ut
719 2671 901 2728 opinor,
930 2671 1195 2728 plerumque
1219 2674 1273 2714 ab
1295 2673 1370 2725 iis,
1400 2674 1476 2729 qui

114 2740 278 2796 aliquid
315 2740 462 2782 dicere
487 2752 531 2779 se
552 2738 790 2793 putabant,
832 2738 890 2781 ita
913 2745 961 2780 ut
980 2754 1060 2795 ego
1087 2742 1216 2795 paulo
1236 2749 1337 2783 ante
1358 2741 1478 2782 dice-
