1696 2898
651 165 970 228 ¹'L'YVSFS
1026 167 1029 171 s
1410 193 1503 232 543

145 287 354 363 laudat’et
361 302 532 352 honore
545 309 692 364 auget„
702 300 704 302 ¹
714 303 923 364 snperbia
932 303 1180 363 implentur
1191 305 1511 362 atqueisctan-

143 376 230 432 tia}
255 391 311 420 an
345 387 437 419 non
464 375 629 433 Putas?
683 372 780 431 Ego
802 376 930 437 sane,
965 371 1133 429 inqui&
1175 372 1338 416 Nonne
1355 372 1510 431 igitur,

143 461 230 503 quo
249 441 530 488 iactantiores
554 448 681 492 sunt,
723 455 775 482 eo
808 439 1082 483 difficiliores
1105 440 1325 484 exsistunt
1344 442 1512 499 captu?

142 511 253 557 Veri
286 515 350 557 est
380 507 542 561 simile.
596 507 755 564 Qualis
787 506 1037 564 igitur'tibi
1069 506 1300 551 videretur
1325 517 1515 553 venator

141 594 250 632 esse,
282 577 320 621 si
339 577 572 620 suscitaret
592 589 756 618 venans
786 574 929 616 feram
954 581 1174 630 captuque
1194 575 1400 619 redderet
1423 576 1515 619 dif-

140 645 410 689 ficiliorem?
464 641 572 684 Sine
603 640 740 683 dubio
768 640 889 685 vilis.
923 640 1088 696 'Atque
1120 641 1252 685 etiam
1286 644 1517 687 sermoni-

140 713 222 756 bus
253 720 297 754 et
331 709 530 753 cantibus
560 722 651 750 uon
680 709 885 764 placare,
922 708 997 749 sed
1030 714 1297 765 exasperare
1327 723 1516 767 magnae

143 787 209 821 est
247 778 471 829 inscitiae3
525 776 712 817 nonne?
781 773 974 818 Videtur
1014 774 1142 818 mihi.
1209 775 1327 820 Vide
1362 778 1516 834 igitur,

141 844 436 904 Hippothale,
474 858 531 885 ne
563 842 729 886 horum
750 841 959 885 omnium
989 856 1118 886 reum
1136 850 1181 884 te
1199 841 1411 886 exhibeas
1434 859 1516 901 per

140 913 313 971 poesin.
349 918 616 968 quamquam
651 909 845 951 arbitror
873 915 918 950 te
946 923 1038 950 non
1080 923 1175 950 esse
1202 922 1519 954 concessurum

141 979 292 1023 virum
316 978 440 1038 poesi
461 977 543 1020 sibi
566 979 714 1035 ipsum
740 984 973 1019 nocentem
996 975 1166 1017 bonum
1188 989 1403 1032 umquam
1425 993 1518 1019 esse

141 1047 319 1104 poetam
335 1078 349 1096 ,
389 1061 526 1103 quum
560 1062 606 1087 se
627 1046 724 1103 ipse
746 1044 902 1087 laedat.
923 1081 926 1085 .
974 1042 1325 1098 Haudquaquam
1351 1044 1519 1098 hercle,

141 1115 316 1167 iuquit3
345 1114 510 1156 multae
531 1113 652 1155 enim
674 1119 787 1154 esset
805 1109 1101 1168 insipientiae.
1124 1118 1169 1152 at
1188 1108 1302 1156 hanc
1327 1111 1385 1153 ob
1408 1126 1517 1154 cau-

143 1197 238 1223 sam
258 1189 421 1234 tecum,
449 1181 654 1231 Socrate,
681 1195 781 1222 rem
803 1177 1112 1224 communico,
1141 1184 1184 1218 et
1203 1175 1242 1236 si
1265 1176 1370 1234 quid
1395 1178 1520 1222 aliud

142 1249 302 1298 habes,
338 1246 485 1301 suade,
511 1245 616 1304 quid
640 1247 860 1304 loquendo
881 1248 952 1290 vel
978 1244 1085 1303 quid
1105 1244 1310 1287 faciendo
1333 1244 1520 1288 dilectus

143 1315 363 1373 quispiam
387 1314 524 1373 possit
551 1327 696 1371 puero
721 1313 836 1357 fieri.
897 1314 1000 1356 Non
1024 1312 1155 1354 facile
1182 1318 1248 1354 est
1257 1317 1279 1364 ,'
1314 1312 1518 1369 inquam,

144 1383 278 1426 dictu.
310 1389 503 1426 attamen
531 1382 568 1422 si
587 1381 700 1423 mihi
730 1380 926 1424 volueris
949 1379 1130 1422 efficere
1149 1387 1200 1424 ut
1219 1393 1398 1422 mecum
1420 1395 1521 1423 ser-

144 1464 301 1492 mones
322 1447 542 1501 conferat,
579 1448 768 1490 fortasse
793 1447 1020 1504 potuerim
1042 1446 1122 1507 tibi
1145 1446 1382 1489 ostendere
1403 1462 1520 1504 quae

144 1517 339 1574 colloqui
365 1525 410 1559 te
437 1529 542 1558 cum
576 1531 630 1556 eo
662 1523 867 1571 oporteat
891 1526 974 1570 pro
991 1514 1078 1556 illis
1101 1528 1215 1571 quae
1233 1513 1280 1556 hi
1303 1522 1348 1556 te
1369 1514 1518 1558 dicere

145 1593 189 1628 et
216 1598 376 1627 canere
407 1582 628 1623 referunt.
686 1581 748 1622 At
782 1595 874 1622 nou
907 1587 995 1631 est,
1040 1579 1215 1635 inquit,
1254 1579 1450 1624 difficile.
1480 1582 1519 1625 si

146 1652 268 1694 enim
304 1646 543 1690 intraveris
573 1661 672 1688 cum
706 1645 792 1686 hoc
825 1645 1037 1702 Ctesippo
1067 1651 1110 1686 et
1144 1643 1341 1689 assidens
1376 1648 1521 1692 collo-

146 1731 296 1776 quare,
324 1713 475 1772 ipsum
500 1713 695 1755 arbitror
717 1714 768 1754 ad
791 1721 834 1755 te
855 1725 1135 1754 accessurum
1157 1726 1252 1753 esse
1271 1719 1357 1765 (est
1379 1716 1521 1771 enim,

145 1787 350 1832 Socrate,
380 1779 592 1823 audiendi
612 1788 795 1838 praeter
816 1788 987 1822 ceteros
1010 1779 1246 1836 cupidus),
1276 1782 1517 1839 simulque,

146 1867 284 1911 quum
314 1850 532 1892 Hennaea
574 1848 825 1898 celebrent,
877 1847 927 1888 in
962 1860 1105 1889 unum
1148 1847 1383 1891 commixti
1412 1860 1518 1894 sunt

145 1921 330 1962 iuvenes
357 1925 399 1959 et
429 1914 575 1973 pueri.
620 1915 828 1972 quocirca
853 1914 1037 1958 *accedet
1066 1912 1119 1958 ad
1149 1923 1205 1957 te.
1248 1915 1317 1956 sin
1352 1914 1518 1972 minus,

147 1986 360 2043 Ctesippo
391 1982 623 2025 familiaris
655 1991 719 2026 est
749 1991 938 2040 propter
965 1981 1095 2025 huius
1128 1974 1376 2040 patruelem
1410 1984 1517 2027 Me·
1578 2024 1580 2026 ,

145 2067 400 2103 nexcnum3
438 2052 694 2093 Menexeno
719 2051 839 2092 enim
861 2064 920 2091 ex
949 2050 1156 2092 omnibus
1178 2050 1379 2092 maxime
1402 2050 1518 2094 ami-

147 2136 224 2162 cus
253 2126 331 2161 est.
372 2126 523 2160 vocato
557 2118 695 2175 igitur
725 2116 798 2159 hic
834 2132 963 2166 eum,
1008 2117 1046 2159 si
1086 2133 1176 2158 non
1207 2117 1374 2160 accedit
1404 2117 1517 2175 ips&

147 2188 267 2237 Hoc,
309 2186 514 2242 inquam,
549 2184 814 2229 faciendum.
851 2193 895 2228 et
927 2186 1059 2227 simul
1090 2184 1371 2242 prehendens
1407 2186 1515 2229 Cte-

147 2255 331 2311 sippum
379 2250 546 2295 intravi
595 2253 886 2310 palaestram3
946 2251 1112 2308 reliqui
1158 2267 1282 2311 pone
1302 2269 1402 2303 2nos
1440 2264 1516 2298 se·-

150 2321 276 2378 quuti
296 2327 411 2363 sunt.
1311 2318 1321 2329 ”

258 2385 450 2446 Ingressi
469 2386 530 2429 ibi
551 2382 804 2431 invenimus
825 2400 990 2446 pueros
1007 2387 1223 2432 sacrificio
1235 2396 1280 2434 et
1298 2405 1349 2433 re
1363 2388 1515 2433 divina

148 2458 339 2513 peractis
364 2456 461 2498 talis
507 2454 704 2498 ludentes
731 2470 972 2512 omnesque
1001 2466 1192 2500 ornatos.
1237 2471 1287 2500 ac
1325 2457 1513 2515 plurimi

149 2523 197 2564 in
228 2522 445 2565 vestibulo
477 2521 688 2565 ludebant
719 2533 871 2575 extra,
909 2524 1112 2582 nonnulli
1144 2526 1321 2568 veroin
1342 2525 1514 2582 apocly-

149 2589 251 2630 terii
271 2589 431 2643 angulo
462 2604 545 2645 par
575 2590 794 2634 micabant
816 2591 911 2634 talis
933 2591 1237 2648 compluribus
1267 2608 1374 2647 quos
1395 2606 1417 2630 e
1437 2605 1514 2631 ca-

149 2654 279 2698 lathis
290 2657 551 2712 quibusdam
566 2658 911 2714 depromebant5
931 2658 1012 2701 hos
1022 2668 1167 2702 autem
1179 2657 1511 2701 circumdabant
