1716 2878
26 182 44 192 x

542 135 992 178 EUTHYPHRO.
1384 147 1444 184 59

187 262 260 305 So.
304 259 479 316 Nempe
513 262 566 300 tu
592 269 698 300 raro
733 254 809 298 tui
830 253 1007 311 copiam
1037 254 1187 301 facere
1215 257 1385 302 videris
1408 267 1452 302 et

76 325 374 385 docerelnoue
391 324 657 384 sapientiam
678 327 825 376 tuam3
861 321 977 365 mihi
997 338 1104 367 vero
1123 333 1279 370 metuo
1298 341 1356 369 ne
1376 326 1453 384 ip-

0 415 3 453 ;
27 446 32 451 ⁴
73 397 133 441 sisi
168 394 324 440 videar
356 408 466 452 prae
496 406 651 436 amore
677 389 942 443 hominum,
989 392 1143 435 omnia
1170 408 1291 450 quac
1310 393 1461 450 habeo

73 463 212 508 cuivis
233 462 490 513 effundere,
518 475 613 503 non
637 465 811 503 tantum
833 458 931 502 sine
951 459 1183 513 mercede,
1208 462 1286 505 sed
1297 462 1453 506 liben-

30 536 36 542 '
73 540 143 575 ter
174 532 309 575 etiam
336 527 507 586 aliquid
536 527 796 578 additurus,
836 526 876 570 si
909 525 1007 583 quis
1035 542 1111 570 me
1137 528 1248 572 velit
1281 529 1455 579 audire·

67 599 229 657 ¹quodsi
246 615 348 652 me,
384 605 436 639 ut
459 595 594 639 mo'do
616 595 816 639 dicebam
830 627 842 648 ,
882 593 1087 638 deridere
1106 595 1360 651 voluerint,
1386 600 1455 643 si-

71 676 146 712 cut
178 675 227 709 tu
245 668 291 709 te
313 666 400 717 ais,
437 664 628 708 minime
648 662 948 706 iniucundum
971 663 1059 706 erit
1073 662 1270 706 ludendo
1284 662 1453 719 >rideri--

0 736 3 747 '
29 751 32 754 ’
62 734 217 792 doque
246 734 462 778 iudicium
491 732 760 788 transigere;
802 730 873 773 sin
905 729 1022 772 serio
1051 739 1203 788 agent,
1242 747 1332 790 quo
1356 743 1456 779 tum

0 797 3 848 '2
70 816 144 844 res
163 817 350 846 evasura
364 801 421 846 sit'
438 802 667 845 incertum
683 807 763 852 est,
780 804 1101 857 praeterquam
1120 798 1248 843 vobis
1259 802 1458 847 vatibus:

143 913 149 917 «
181 880 269 924 Eu.
314 880 377 925 At
408 880 524 923 nihil
552 879 740 923 fortasse
768 878 870 929 erit,
898 877 1094 928 Socrate,
1126 879 1246 936 quod
1272 881 1430 927 timeas
1440 902 1456 940 3

71 961 232 990 verum
252 955 296 991 et
314 957 366 992 tu
386 964 446 992 ex
469 947 609 991 animi
633 945 853 990 sententia
871 946 1026 989 vinces
1053 961 1259 1002 causam,
1291 959 1335 994 et
1357 967 1457 1012 ego,

71 1030 204 1072 spero
218 1048 231 1070 ,
258 1031 422 1059 meam.

185 1095 260 1138 So.
296 1094 532 1154 Quaenam
555 1102 702 1138 autem
724 1092 836 1147 tibi,
871 1092 1170 1152 Euthyphro,
1199 1109 1330 1141 causa
1355 1101 1456 1144 est?

4 1178 6 1207 3
74 1167 177 1205 tene
197 1161 296 1220 quis
314 1162 481 1205 iudicio
505 1162 816 1221 persequitur,
848 1175 905 1203 an
927 1160 1120 1207 alterum
1145 1164 1226 1207 tu?

181 1240 272 1284 Eu.
308 1241 404 1300 Ego
432 1257 690 1300 persequor.

183 1320 260 1364 So.
305 1319 489 1379 Quem?

184 1400 272 1444 Eu.
313 1401 368 1443 In
390 1415 480 1457 quo
499 1401 808 1459 persequendo
830 1414 987 1444 rursus
1007 1399 1167 1454 videor
1185 1401 1400 1449 insanire.

186 1479 262 1522 So.
301 1479 426 1538 Quid
446 1481 545 1523 ita?
574 1481 860 1524 volantemne
885 1480 1206 1538 persequelis?

181 1547 273 1590 Eu.
300 1548 455 1605 Longe
476 1549 659 1606 quidem
680 1549 804 1593 abest
822 1555 874 1592 ut
892 1564 921 1592 v
923 1549 1027 1604 olet,
1048 1549 1219 1609 quippe
1235 1553 1313 1611 qui
1326 1556 1456 1600 valde

8 1634 9 1669 3
75 1612 132 1656 sit
150 1628 301 1658 senex

182 1693 256 1737 So.
295 1695 412 1753 Quis
434 1695 549 1739 iste?

182 1771 272 1816 Ειι.
310 1775 445 1818 Pater
462 1790 606 1820 mem.

186 1853 259 1899 So.
295 1855 506 1910 Tuusne,
532 1856 606 1898 vir
628 1854 798 1913 optime
812 1855 834 1898 ⁴?

186 1933 278 1976 Eu.
313 1934 479 1977 Etiam.

190 2000 265 2044 So.
307 2000 548 2058 Quodnam
570 2017 682 2046 vero
702 2012 769 2048 est
789 2002 978 2057 crimen,
1002 2011 1047 2046 et
1067 2004 1196 2048 cuius
1213 2006 1283 2050 rei
1302 2007 1417 2052 actio
1430 2008 1454 2050 ⁴?

185 2078 275 2122 Eu.
302 2078 488 2133 Caedis,
518 2079 714 2126 Socrate.

189 2158 264 2201 So.
314 2158 402 2201 Pro
421 2159 650 2218 Iuppiter!
688 2173 794 2202 sane
820 2174 954 2218 quam
975 2162 1211 2220 ignoratur
1241 2180 1266 2208 a
1286 2165 1455 2224 pletis-2

76 2239 188 2282 que,
225 2225 521 2284 Euthyphro.
561 2242 648 2285 quo
678 2226 788 2270 haec
822 2230 1002 2273 tandem
1023 2232 1158 2275 modo
1181 2241 1301 2277 recte
1319 2233 1453 2290 fiant3

75 2308 171 2336 non
202 2294 324 2337 enim
352 2295 547 2338 cuiusvis
576 2310 670 2338 esse
698 2303 807 2354 puto
826 2296 872 2339 id
895 2307 1014 2342 recte
1033 2300 1237 2358 aggredi,
1267 2303 1345 2347 sed
1364 2303 1454 2348 ho·-

77 2361 214 2404 minis
234 2362 284 2405 in
302 2362 520 2421 sapientia
540 2363 631 2405 iam
649 2365 780 2421 longe
798 2367 1017 2422 provecti.

189 2428 279 2473 Eu.
319 2429 475 2488 Longe
496 2445 631 2484 vero,
657 2430 833 2485 hercle,
860 2433 926 2476 mi
947 2433 1162 2479 Socrates.

131 2523 144 2537 ·
190 2495 260 2539 So.
286 2495 423 2559 Estne
445 2513 552 2541 vero
575 2514 635 2542 ex
657 2500 856 2556 cognatis
878 2501 915 2543 is
939 2517 1074 2559 quem
1096 2512 1226 2562 pater
1248 2514 1349 2549 tuus
1369 2523 1448 2550 oc·—

80 2562 218 2606 nidis>
261 2555 319 2606 au
351 2558 398 2607 id
428 2566 608 2622 quidem
634 2566 821 2610 dubium
846 2584 940 2611 non
962 2579 1048 2624 est,
1075 2572 1179 2628 quia
1198 2587 1284 2631 pro
1305 2574 1451 2619 alieno

81 2644 209 2680 eum,
242 2628 430 2689 opinor,
457 2633 512 2676 de
530 2634 663 2677 caede
681 2649 814 2678 reum
834 2651 925 2680 non
947 2636 1129 2685 faceres.
