1734 2872
614 180 1094 239 THEAGBS.
1423 201 1519 238 407

146 326 289 370 quum
318 325 393 353 me
425 311 702 356 observasset
729 310 847 352 aliud
875 312 982 366 quid
1017 312 1218 354 animum
1260 310 1515 366 advertere3

146 389 192 423 et
222 380 282 432 ita
314 379 406 422 abit
439 378 578 434 idque
607 377 783 433 peregit
803 378 918 433 quod
941 388 1133 421 mortem
1156 378 1197 420 ei
1220 376 1380 422 attulit.
1403 394 1515 436 quo-
1572 386 1575 395 '

139 447 263 490 circa
292 446 376 488 hoc
405 444 523 487 dixit
542 443 671 486 fratri
695 445 813 500 quod
837 459 956 488 nunc
980 445 1110 487 vobis
1129 460 1210 501 ego
1231 445 1330 488 dico
1346 477 1358 499 ,
1399 461 1447 489 se
1464 447 1514 490 in

141 519 337 556 mortem
368 512 574 570 prodire,
609 511 730 567 quod
762 511 876 569 mihi
910 526 1000 554 non
1021 511 1160 555 fuerit
1181 511 1295 555 dicto
1318 513 1513 557 audiens.

141 581 377 624 Praeterea
416 578 470 621 de
510 578 565 622 iis
595 594 708 637 quae
730 579 790 625 in*
816 579 967 622 Sicilia
995 588 1244 622 evenerunt
1271 595 1329 623 ex
1362 580 1515 624 multis

143 648 330 690 audietis
363 662 478 703 quae
509 647 608 693 dixi
643 648 697 690 de
725 647 848 690 clade
882 646 1120 691 exercitus.
1175 647 1242 692 Ac
1273 649 1516 707 praeterita

136 714 323 772 quidem
348 729 407 757 ex
428 714 486 761 iis.
500 714 687 773 potestis
709 714 961 774 comperire
982 715 1143 771 quibus
1159 722 1264 757 nota
1274 725 1401 768 sunt3
1430 731 1515 774 pe-

139 783 341 825 riculum
377 791 528 827 autem
557 797 679 826 nunc
707 781 857 824 facere
882 783 1029 838 licet‚-
1049 798 1108 825 an
1137 783 1315 840 signum
1346 784 1513 841 aliquid

141 849 271 892 dicat.
303 865 581 907 nam-quum
606 850 776 894 Sannio
809 848 907 892 Cali
940 849 1058 896 filius
1088 850 1139 892 in
1173 850 1514 909 expeditionem

137 917 521 974 'proficisceretum
558 917 745 974 contigit
772 916 885 962 mihi
911 917 1115 974 signum3
1145 916 1236 959 abit
1259 933 1367 962 vero
1393 934 1513 962 nunc

140 999 246 1027 cum
266 984 506 1042 Thrasyllo
534 985 786 1031 militatum.
803 991 926 1027 recta
945 984 1177 1042 Ephesum
1202 992 1246 1027 et
1265 984 1314 1027 in
1335 986 1512 1031 Ioniam

139 1067 309 1095 versus.
347 1061 480 1109 atque
513 1065 596 1107 ego
617 1059 728 1109 puto
747 1051 952 1095 futurum
975 1066 1069 1094 esse
1088 1060 1139 1095 ut
1158 1050 1233 1093 ille
1250 1051 1325 1094 vel
1342 1053 1512 1107 moria-

138 1127 215 1161 tur
241 1119 315 1162 vel
341 1134 486 1177 prope
516 1117 603 1161 hoc
620 1118 800 1177 aliquid
817 1119 1139 1179 {perpetiatum
1175 1132 1226 1161 ac
1262 1118 1317 1163 de
1333 1119 1509 1178 reliquo

136 1187 318 1245 incepto
339 1186 469 1229 valde
491 1185 644 1230 timeo.
666 1221 668 1225 ,

245 1253 368 1297 Haec
395 1252 535 1308 igitur
565 1252 720 1298 omnia
747 1253 846 1298 dixi
864 1254 945 1297 tibi
968 1261 1021 1299 ut
1039 1251 1282 1308 probarem
1302 1252 1512 1298 divinum

130 1319 246 1363 illud
262 1320 397 1363 etiam
414 1318 478 1361 ad.
493 1319 834 1364 consuetudines
858 1336 1016 1364 eorum
1041 1321 1119 1380 qui
1146 1335 1325 1365 mecum
1354 1335 1510 1365 versa-

131 1396 295 1432 rentur
326 1400 513 1436 omnem
532 1387 646 1429 -vim
674 1386 857 1431 habere.
900 1387 1055 1433 multis
1096 1388 1220 1433 enim
1247 1388 1507 1442 adversatur

135 1452 523 1514 nec.possunt„·-hi
543 1453 710 1500 ‘iuvari
747 1470 928 1499 mecum
957 1461 1212 1511 versantes3
1260 1471 1347 1514 quo
1377 1457 1428 1500 fit
1458 1466 1508 1501 ut

131 1522 207 1566 his
248 1522 318 1567 uti
346 1528 599 1579 nequeam-3
640 1522 776 1567 multi
812 1538 923 1566 vero
952 1533 1056 1567 sunt
1084 1539 1197 1581 quos
1231 1537 1324 1568 non
1355 1524 1509 1582 impes¹

132 1589 219 1633 δὴ·
238 1587 478 1647 quominus
515 1603 700 1633 mecum
737 1600 1001 1640 versentur,
1046 1590 1210 1648 quibus
1240 1606 1352 1634 vero
1390 1591 1507 1635 nihil

78 1672 83 1699 ῑ
133 1656 370 1714 proficitur
386 1671 620 1714 quumvme
637 1664 851 1711 utuntur3
881 1672 992 1713 quos
1012 1672 1122 1700 vero
1142 1657 1381 1701 adiuvatin
1391 1673 1504 1701 con-

129 1723 366 1768 suetudine
387 1737 564 1767 mecum
582 1722 808 1780 iungenda
828 1723 895 1766 vis
914 1723 990 1767 illa
1012 1722 1180 1777 divina,
1203 1723 1254 1765 hi
1272 1732 1379 1767 sunt
1393 1741 1505 1783 quos

132 1800 188 1834 tu
219 1805 397 1848 quoque
425 1789 569 1843 nosti3
613 1790 761 1833 statim
796 1791 918 1833 enim
934 1789 1141 1835 celeriter
1158 1790 1416 1850 proficiunt.
1458 1799 1504 1834 et

136 1856 302 1899 horum
321 1872 495 1914 quoque
510 1858 587 1914 qui
605 1856 849 1914 proficiunt
866 1856 1074 1899 nonnulli
1099 1857 1281 1913 quidem
1298 1859 1504 1904 stabilem

135 1925 316 1981 capiunt
336 1939 386 1965 ac
408 1932 746 1983 permanentem
764 1923 1001 1968 utilitatem
1014 1953 1025 1972 ,
1064 1924 1196 1968 multi
1214 1941 1324 1968 vero
1342 1941 1504 1982 quam-

135 1990 217 2033 ‘diu
266 2005 444 2034 mecum
492 1999 731 2036 versantur
775 1991 946 2034 mirum
991 1999 1207 2047 quantum
1243 1992 1503 2050 proficiunt,

136 2070 277 2113 quum
303 2072 412 2101 vero
449 2072 474 2099 a
502 2070 575 2100 me
601 2057 915 2107 discesserunt,
951 2073 1107 2101 rursus
1129 2059 1240 2101 nulli
1261 2068 1502 2117 praestant.

135 2125 223 2166 hoc
250 2122 487 2181 aliquando
515 2124 674 2167 accidit
695 2124 882 2168 Aristidi
904 2124 1159 2182 Lysimachi
1185 2125 1306 2179 filio,
1335 2126 1503 2170 Aristi-

135 2191 202 2234 dis
223 2190 393 2249 nepoti.
435 2206 572 2247 quum
594 2191 715 2233 enim
737 2205 912 2235 mecum
932 2201 1133 2235 versatus
1156 2201 1288 2245 esset,
1317 2207 1501 2250 magnos

131 2260 253 2301 intra
278 2259 416 2300 breve
432 2265 608 2315 tempus
629 2258 796 2301 fecerat
814 2273 1074 2316 progressus
1086 2277 1099 2315 3
1137 2269 1290 2320 postea
1308 2261 1355 2304 in
1376 2261 1501 2304 mili-

134 2325 242 2368 tiam
269 2324 498 2384 profectus
526 2334 591 2367 est
619 2333 662 2368 et
683 2325 948 2382 enavigavit.
974 2342 1180 2370 reversus
1201 2327 1376 2371 invenit
1400 2343 1501 2370 me·-

137 2407 238 2434 cum
267 2400 517 2435 versantem
538 2391 846 2451 Thucydidem
867 2393 1079 2437 Melesiae
1106 2394 1271 2447 filium,
1308 2395 1500 2452 Thucy-

136 2457 250 2500 didis
278 2467 504 2516 nepotem.
563 2458 848 2517 Thucydides
882 2468 1030 2504 autem
1048 2460 1195 2519 pridie
1212 2461 1258 2504 in
1277 2462 1499 2504 sermoni-

135 2524 221 2568 bus
254 2525 517 2582 quibusdam
544 2527 699 2570 odium
729 2526 778 2570 in
797 2541 871 2571 me
888 2538 1163 2590 conceperat.
1200 2529 1408 2586 quocirca
1427 2542 1501 2570 me

137 2592 294 2636 videns
326 2591 569 2653 Aristides,
605 2608 743 2650 quum
776 2610 849 2638 me
879 2595 1107 2639 salutasset
1126 2605 1170 2639 et
1187 2597 1407 2641 nonnulla
1425 2597 1499 2638 lo·-

138 2667 302 2715 quutus
325 2655 515 2704 esset‘At
535 2658 874 2719 Thucydidem,
916 2664 1084 2721 inquit,
1113 2665 1270 2716 audio,
1301 2664 1499 2712 Socrate,
