1702 2918
660 171 1012 239 EPI-Noms.
1461 203 1523 242 25

150 318 430 380 principium
460 314 677 378 Principii
691 306 1019 373 *praestantius
1040 311 1089 354 se'
1114 309 1309 367 habere,
1354 313 1529 373 nosque

149 389 458 432 maximarum
477 400 636 429 rerum
653 379 932 441 sapientiam,
952 377 1139 423 deorum
1150 382 1531 440 procreationem,

148 457 398 500 rectissime
417 454 641 512 ingressos
665 465 771 494 esse.

265 523 333 567 Cl.
360 522 501 568 Sumo
520 520 630 563 haec
648 534 735 579 pro
761 517 932 573 viribus
949 515 1078 560 dicta·
1336 558 1339 559 γ

258 593 375 636 Ath.
422 590 520 647 Age
551 589 660 632 dum
674 619 687 639 ‚
731 585 996 629 animansne
1037 583 1273 628 verissime
1301 586 1535 633 nominari

149 660 396 704 secundum
415 668 624 702 naturam
647 655 846 698 dicamus
866 653 971 706 hoc,
1007 668 1148 711 quum
1168 669 1261 697 una
1282 658 1534 701 coalescens

150 727 292 774 animi
325 736 370 772 et
398 725 604 786 corporis
625 722 894 782 compositio
913 737 1053 768 unam
1069 730 1281 782 procreet
1298 721 1532 770 formam?

265 794 329 839 GL
364 794 502 842 Recte
530 809 655 837 vero.

258 863 370 909 Ath.
398 863 620 908 Animans
642 859 782 920 igitur
800 857 890 906 1160
907 866 1094 906 vocatur
1111 857 1388 908 iustissime?

265 929 346 975 Cla·
376 931 544 980 Etiam.

261 1000 376 1045 Ath.
417 999 568 1046 Solida
594 1011 706 1042 vero
727 1011 922 1057 corpora
945 995 1135 1040 dicenda
1154 1005 1261 1041 sunt
1282 1010 1344 1041 ex
1359 998 1537 1056 proba-

151 1066 232 1110 bili
262 1067 466 1111 oratione
496 1066 724 1125 quinque,
753 1081 778 1108 e
816 1064 980 1123 quibus
1012 1064 1322 1124 pulcherrima
1341 1066 1538 1125 optima-

150 1150 240 1191 que
258 1136 484 1194 quispiam
502 1135 664 1192 fingat3
691 1132 917 1191 reliquam
937 1148 1049 1177 vero
1070 1147 1207 1177 omne
1224 1148 1368 1192 genus
1398 1150 1539 1186 unam

149 1202 287 1246 habet
312 1203 536 1257 formam3
575 1216 725 1260 neque
759 1200 882 1245 enim
904 1200 1024 1243 aliud
1049 1200 1182 1258 quid,
1219 1202 1539 1262 quodcumque

131 1271 260 1324 erit,
313 1271 518 1330 corporis
559 1270 647 1313 erit
688 1284 856 1328 expers
889 1267 1137 1327 omnisque*
1154 1269 1343 1314 omnino
1371 1272 1538 1317 coloris
1559 1307 1562 1311 .

147 1346 331 1398 praeter
348 1339 488 1383 animi
500 1351 651 1398 genus-
663 1352 773 1381 vere
793 1336 1148 1382 divinissimum.
1173 1336 1261 1381 hoc
1273 1345 1426 1384 autem
1436 1339 1538 1384 fere

150 1415 217 1451 est
244 1407 291 1450 id
320 1407 393 1452 cui
421 1407 506 1452 soli
535 1406 750 1450 convenit
779 1403 952 1462 fingere
982 1413 1027 1449 et
1062 1404 1305 1462 fabricari3
1352 1411 1539 1467 corpori

149 1483 331 1529 contra,
359 1475 482 1534 quod
507 1475 568 1519 ita
590 1475 808 1527 dicimus,
841 1473 952 1528 fingi
977 1483 1022 1518 et
1040 1474 1142 1519 fieri
1164 1483 1209 1519 et
1229 1476 1455 1534 conspici3
1484 1477 1538 1521 iu

146 1540 260 1588 illud
277 1559 389 1588 vero
409 1543 632 1597 (dicamus
654 1542 849 1595 iterum3
874 1557 969 1586 non
988 1543 1112 1588 enim
1122 1545 1263 1588 semel
1275 1544 1538 1602 dicendum)

149 1613 268 1658 cadit
295 1615 531 1657 oculorum
559 1626 743 1655 sensum
774 1609 976 1668 effugere
1006 1619 1051 1655 et
1078 1611 1336 1670 intelligens
1368 1629 1464 1658 ease
1492 1623 1539 1659 et

147 1689 302 1725 mente
322 1678 822 1741 comprehendendum,
861 1679 1109 1725 memoriae
1143 1677 1370 1740 particeps
1395 1690 1442 1725 et
1459 1698 1538 1726 ra-

147 1749 462 1794 tiocinationis
497 1750 548 1793 in
585 1746 836 1806 imparibus
875 1747 1152 1806 paribusque
1191 1749 1537 1795 mutationibus.

148 1818 349 1877 quinque
374 1818 516 1878 igitur
549 1832 691 1875 quum
719 1815 811 1858 sint
832 1829 1025 1874 corpora
1043 1817 1222 1874 (ignem
1245 1817 1335 1861 dici
1357 1826 1539 1877 oportet

151 1893 196 1929 et
216 1901 403 1944 aquam,
433 1885 618 1931 tertium
638 1883 790 1928 aerem
802 1916 816 1939 ,
842 1893 1047 1942 quartam
1068 1895 1241 1930 terram
1262 1894 1307 1929 et
1327 1887 1539 1944 quintum

150 1952 377 2010 aethera),
399 1953 568 2000 horum
590 1953 674 1996 sub
692 1952 889 2011 imperio
912 1968 1114 2012 quaeque
1131 1955 1435 2006 animantium
1456 1969 1539 2012 ge-·>

149 2036 263 2066 nera
291 2023 436 2066 multa
467 2030 512 2066 et
539 2021 667 2066 varia
687 2021 998 2080 absolvuntur.
1027 2021 1113 2065 hoc
1138 2039 1249 2066 vero
1271 2022 1327 2064 de
1347 2022 1538 2080 singulis
1574 2038 1581 2042 ·

130 2096 133 2101 ’
151 2089 464 2148 cogitandum3
498 2095 731 2131 terrenum
758 2102 984 2146 ponamus
1001 2090 1206 2147 primum
1225 2089 1356 2133 nobis
1378 2106 1537 2144 unum,

152 2172 311 2207 omnes
331 2156 515 2214 quidem
536 2154 743 2200 homines
764 2154 1004 2212 omniaque
1024 2156 1098 2198 vel
1117 2157 1286 2201 multos
1302 2158 1439 2218 pedes
1449 2158 1538 2203 ha..

148 2227 301 2270 bentia
329 2225 405 2269 vel
434 2224 624 2285 pedibus
654 2222 875 2277 carentia,
918 2231 962 2266 et
994 2237 1303 2282 quaecumque
1322 2226 1399 2270 vel
1418 2243 1534 2286 pro-

149 2294 420 2354 grediuntur
440 2293 516 2336 vel
535 2291 708 2335 stabilia
728 2300 854 2343 sunt,
882 2291 1108 2339 radicibus
1127 2292 1364 2349 distincta3
1390 2310 1538 2339 unum

148 2377 263 2407 vero
287 2363 344 2406 de
366 2361 453 2408 hoc
473 2361 606 2405 statui
630 2367 832 2418 oportet,
859 2359 1011 2405 omnia
1034 2360 1217 2418 quidem
1237 2377 1298 2407 ex
1322 2362 1536 2409 omnibus

150 2430 263 2473 haec
282 2420 524 2489 generibus
543 2444 639 2471 com
648 2427 787 2486 posita
807 2421 914 2481 esse,
931 2428 1131 2486 plurima
1150 2444 1261 2472 vero
1286 2439 1408 2475 terra
1421 2448 1536 2476 con-

150 2497 297 2548 tineri-
311 2506 357 2541 et
373 2497 516 2545 solida·
534 2505 705 2544 natura.
746 2495 866 2545 aliud
886 2495 1048 2542 deinde
1072 2497 1373 2545 animantium
1394 2516 1536 2559 genus

152 2565 397 2610 secundum
433 2565 695 2624 ponendum
727 2572 793 2608 est
824 2564 944 2622 quod
975 2565 1163 2610 exsistat
1190 2575 1234 2609 et
1264 2567 1347 2610 sub
1380 2569 1535 2612 oculos

152 2634 307 2687 cadat3
332 2634 583 2692 plurimum
605 2635 727 2676 enim
744 2633 862 2691 ignis
884 2633 1033 2685 habet,
1063 2634 1168 2679 licet
1188 2644 1336 2679 terrae
1357 2652 1536 2694 quoque

155 2709 199 2744 et
218 2694 723 2760 aeris'reliquorumque
745 2703 952 2750 omnium
972 2702 1158 2760 exgiuas
1177 2703 1336 2749 habeat
1355 2712 1533 2763 partes3
