1734 2872
441 117 867 225 ALcIm'ADE's
883 136 1181 193 ῬΜΜΗΒ,
1399 149 1490 194 201

135 260 396 324 pmfieskeris
417 260 523 313 (hoc
545 268 693 312 autem
714 255 920 309 futurum
939 276 1034 306 osse
1058 257 1294 331 perpaucis
1308 252 1500 318 diebus),

136 331 226 374 sed
245 344 386 395 quum
413 330 695 388 plocesseris
719 337 769 372 te
789 332 1072 389 ostensurum
1094 335 1190 373 ess'e
1202 322 1502 377 AthUinensi-

135 399 215 442 bus
224 397 432 454 ›dignum
460 404 526 441 te
534 412 627 439 esse
656 397 749 454 qui
765 386 940 447 honore
975 396 1192 441 afficiatur
1227 393 1502 463 quantopere

134 475 276 522 neque
293 463 488 507 Pericles
516 478 659 521 neque
691 465 804 508 alius
839 464 1072 522 quisquam
1105 479 1263 508 eorum
1294 466 1374 523 qui
1398 479 1504 509 ιιιιι-

134 548 267 591 quam
285 531 542 582 ssorufflint,
583 540 626 574 et
656 531 744 575 hoc
763 541 904 590 quum
926 532 1169 576 ostenderis
1194 534 1443 577 maximam
1460 541 1507 578 te

132 608 402 678 potestatem
410 599 667 643 habiturum
690 614 796 643 esse
803 600 852 642 in
874 600 1068 652 civitate,
1090 609 1136 644 et
1157 615 1295 667 quum
1312 601 1387 643 hlo
1408 615 1508 646 ma-

134 669 298 711 ximus
320 668 404 718 sis,
430 667 563 729 etiam
583 667 700 725 apud
719 659 919 724 reliquos
939 667 1169 722 Graecos,
1196 682 1343 725 neque
1364 670 1510 712 solum

136 737 251 793 apud
273 735 488 788 Graecos,
519 750 681 778 verum
718 735 852 778 etiam
875 735 999 794 apud
1019 735 1234 780 barbaros
1254 748 1410 779 omnes
1432 741 1511 793 qul

137 802 321 846 eandem
352 817 483 861 quam
514 818 594 846 nos
625 802 825 858 incolant
850 804 1170 847 continentem.
1220 817 1272 846 ac
1297 802 1336 845 si
1352 817 1511 845 rursus

138 870 219 912 tibi
254 870 423 914 dixerit
450 871 572 913 idem
598 870 673 913 hic
697 870 804 913 deus
822 869 898 912 hic
918 879 962 913 te
979 878 1195 930 oportere
1215 870 1441 913 dominari
1462 870 1514 912 in

137 938 345 994 Europa,
374 952 456 980 nec
486 938 758 995 permissum
788 937 868 980 tibi
887 937 986 980 fore
1005 947 1056 982 ut
1076 939 1126 980 in
1149 938 1304 981 Asiam
1319 937 1513 980 traiicias

139 1004 291 1060 ibique
311 1019 466 1047 rerum
490 1005 774 1063 publicarum
794 1019 947 1047 curam
966 1005 1192 1062 suscipiam,
1218 1013 1316 1047 tum
1338 1014 1515 1060 quoque

139 1071 253 1114 mihi
286 1070 452 1113 videris
478 1078 761 1114 recusaturus
794 1086 888 1114 esse
921 1086 1022 1114 cum
1054 1071 1123 1114 his
1147 1080 1324 1130 tantum
1345 1071 1515 1123 vivere,

140 1131 226 1180 nisi
245 1137 437 1194 implere
456 1138 598 1194 possis
619 1138 818 1181 nominis
841 1147 884 1182 et
904 1140 1129 1197 potestatis
1149 1147 1252 1182 tuae
1262 1133 1394 1182 ²fama
1415 1151 1515 1180 om-

141 1218 219 1247 nes
247 1203 579 1262 propemodum
606 1204 839 1259 homines3
878 1212 923 1247 et
941 1206 1137 1252 arbitror
1156 1214 1202 1250 te
1219 1215 1401 1266 praeter
1424 1206 1518 1264 Cy-

141 1286 246 1314 rum
277 1278 320 1312 et
342 1270 530 1312 Xerxen
557 1272 814 1314 existimare
832 1274 1062 1314 neminem
1078 1273 1216 1333 fuisse
1239 1273 1518 1316 memorabi-

142 1339 247 1382 lem.
274 1335 358 1378 hac
378 1337 516 1393 igitur
537 1353 615 1396 spe
627 1348 671 1382 te
683 1339 765 1381 niti
777 1347 897 1380 certo
910 1339 1023 1392 scio,
1037 1355 1130 1382 non
1144 1340 1351 1385 conjicio.
1378 1339 1518 1383 forsi-

142 1415 218 1448 tan
235 1404 372 1462 igitur
391 1420 583 1462 reponas
595 1437 607 1458 ,
646 1406 814 1463 quippe
834 1407 979 1450 sciens
996 1418 1071 1450 me
1089 1421 1199 1466 vera
1218 1400 1371 1450 dicere
1392 1408 1517 1464 Quid

142 1473 347 1525 tandem,
376 1471 581 1526 Socrate,
607 1472 695 1517 hoc
726 1473 812 1516 tibi
837 1474 1036 1532 pertinet
1067 1474 1121 1516 ad
1150 1466 1267 1518 istud
1300 1476 1419 1532 quod
1449 1476 1518 1518 di-

145 1542 270 1584 cebas
290 1549 335 1584 te
363 1556 457 1584 esse
475 1540 803 1584 declaraturum
816 1572 828 1593 ‚
852 1541 962 1597 quid
983 1552 1139 1584 causae
1159 1551 1272 1585 esset
1295 1558 1377 1586 cur
1398 1557 1426 1585 a
1446 1559 1519 1587 me

143 1625 239 1652 non
262 1608 539 1651 discederes?
579 1623 659 1666 ego
681 1609 771 1652 iam
793 1608 876 1651 tibi
900 1607 1041 1652 dicam
1057 1627 1072 1661 ,·
1097 1607 1257 1653 dilecte
1278 1610 1453 1654 Cliniae
1477 1619 1521 1654 et

144 1676 445 1721 Dinomaches
464 1675 546 1718 fili.
585 1676 695 1718 haec
715 1677 837 1719 enim
860 1675 1011 1719 omnia
1033 1685 1110 1720 tua
1131 1677 1315 1721 consilia
1332 1678 1428 1720 sine
1446 1694 1520 1722 me

144 1744 247 1787 fieri
266 1743 422 1801 nequit
440 1750 492 1784 ut
514 1742 688 1787 exitum
710 1744 926 1788 habeant:
966 1752 1135 1788 tantam
1154 1756 1236 1803 ego
1248 1745 1453 1789 'arbitror
1471 1747 1521 1788 in

146 1818 222 1853 me
251 1811 347 1853 vim
376 1825 470 1853 esse
498 1811 547 1853 in
577 1823 649 1871 res
679 1820 775 1855 tuas
795 1821 838 1855 et
855 1812 905 1855 in
928 1820 983 1854 te.
1013 1825 1118 1855 nam
1141 1808 1523 1870 quemadmodum

149 1887 194 1920 te
216 1893 314 1934 spes
330 1887 452 1920 tenet
474 1879 572 1921 fore
592 1885 644 1921 ut
664 1878 835 1922 civitati
858 1880 1059 1922 ostendas
1079 1877 1273 1924 omni-*te*
1286 1874 1403 1938 apud
1424 1895 1523 1923 eam

151 1944 322 1986 honore
351 1944 535 2000 dignum
567 1959 660 1987 esse
695 1953 738 1987 et
777 1945 862 1987 hoc
897 1946 977 1987 ubi
1008 1947 1252 1990 ostenderis
1280 1947 1395 1989 nihil
1429 1962 1524 1989 non

154 2026 248 2053 esse
283 2009 567 2063 effecturum,
603 2011 666 2056 ita
694 2025 776 2066 ego
810 2024 988 2067 quoque
1010 2027 1141 2068 spero
1169 2013 1288 2070 apud
1308 2021 1352 2054 te
1373 2013 1525 2070 pluri-

152 2094 280 2127 mum
313 2092 406 2119 esse
434 2077 680 2119 'valiturum
710 2077 809 2118 ubi-
827 2077 1100 2120 ostenderim
1128 2093 1203 2120 me
1220 2079 1408 2136 dignum
1429 2095 1524 2122 esse

155 2161 288 2203 quem
316 2144 473 2202 quovis
494 2143 666 2186 honore
687 2141 871 2195 afficias,
905 2156 1043 2200 quum
1065 2160 1211 2202 neque
1234 2155 1354 2190 tutor
1378 2161 1524 2203 neque

155 2221 362 2271 cognatus
383 2225 527 2267 neque
550 2210 665 2252 alius
682 2210 796 2253 ullus
820 2225 917 2254 eam
938 2226 1072 2268 quam
1092 2213 1315 2259 desideres
1327 2222 1524 2271 potesta-

155 2290 243 2323 tem
256 2280 346 2323 tibi'
360 2279 497 2338 possit
515 2277 752 2321 conciliare
773 2285 951 2336 praeter
968 2295 1057 2333 me,
1078 2281 1158 2323 deo
1170 2291 1318 2325 tamen
1326 2282 1522 2326 iuvante.

157 2348 366 2403 quocirca
393 2362 535 2404 quum
561 2345 714 2388 iunior
743 2361 857 2390 esses
891 2355 936 2389 et
955 2355 1055 2390 ante
1082 2363 1216 2405 quam
1235 2356 1354 2393 tanta
1374 2359 1420 2393 te
1445 2365 1524 2407 spe

156 2414 440 2470 impleveras,
470 2421 521 2456 ut
548 2413 660 2455 mihi
684 2414 875 2461 videtur,
905 2428 998 2457 non
1029 2415 1132 2460 sivit
1154 2432 1228 2459 me
1248 2417 1354 2459 deus
1374 2426 1524 2460 tecum

159 2481 376 2537 colloqui,
423 2489 476 2524 ut
509 2496 566 2522 ne
592 2480 756 2529 frustra
785 2497 1037 2529 sermonem
1069 2491 1218 2526 tecum
1245 2485 1498 2529 conferrem
1509 2502 1523 2538 3

158 2562 279 2589 nunc
299 2557 446 2592 autem
468 2549 670 2606 permisit
683 2566 696 2602 3
723 2565 842 2594 nunc
864 2550 985 2597 enim
1007 2565 1080 2593 me
1099 2551 1262 2594 audies.
