1702 2918
664 108 1020 150 EPINOMIS.
1474 115 1534 152 39
1592 139 1596 143 .

149 228 321 280 tiones;
367 225 554 269 Lucifer
582 226 707 269 enim
734 225 813 283 qui
840 225 964 268 idem
992 233 1060 269 est
1088 226 1314 285 Hesperus
1344 225 1536 268 Veneris

148 294 314 338 dieitur
350 293 448 337 fere
480 294 632 346 stella,
679 292 727 336 id
760 293 882 350 quod
914 293 1101 349 Syriaco
1127 294 1280 352 legum
1310 293 1535 336 conditori

147 362 282 420 plane
303 362 540 415 convenit,
572 362 612 404 is
630 374 741 405 vero
762 360 841 417 qui
860 374 950 402 uua
968 375 1072 404 cum
1093 362 1190 404 sole
1209 369 1256 405 et
1274 360 1360 404 hoc
1378 360 1532 403 volvi-

148 438 224 474 tur
235 429 481 484 Mercurii3
501 440 592 474 tres
610 437 844 488 praeterea
864 443 1023 471 cursus
1045 444 1348 472 memoremus
1370 443 1531 472 eorum

143 498 221 555 qui
247 512 353 540 cum
381 497 491 540 luna
521 506 565 539 et
602 497 696 540 sole
723 498 781 539 ad
811 495 1019 540 dextram
1039 495 1276 548 feruutur3
1320 504 1530 540 et'uuum

141 574 352 610 octavum
384 565 472 608 dici
501 573 702 623 oportet,
741 579 879 622 quem
910 564 1114 607 maxime
1141 563 1364 621 quispiam
1388 578 1527 621 supe-

140 650 246 679 rum
273 634 494 679 muudum
527 632 790 690 appellarit,
827 633 907 689 qui
941 641 1100 675 contra
1130 640 1262 688 atque
1285 631 1352 674 illi
1373 646 1530 674 omnes

139 701 446 759 progreditur,
476 700 644 743 ducens
665 700 878 757 reliquos,
907 708 957 744 ut
977 698 1235 742 hominibus
1255 699 1402 741 videri
1414 714 1526 757 pos-

139 769 198 812 sit
216 784 360 827 pauca
382 770 438 812 de
460 767 532 811 his
553 767 921 825 intelligentibus.
961 761 1272 825 quaecumque
1293 782 1403 810 vero
1423 767 1527 810 satis

139 845 346 880 tenemus
377 837 466 880 dici
499 845 680 895 oportet
701 842 747 878 et
768 835 994 879 dicamus:
1031 849 1143 877 vera
1160 834 1285 877 enim
1304 834 1526 891 sapientia

104 906 117 914 ’”
138 913 328 962 apparet
359 905 494 948 etiam
527 904 569 947 ei
590 904 668 962 qui
687 903 901 962 exiguam
922 911 1070 947 rectae
1092 911 1136 945 et
1155 902 1336 945 divinae
1352 901 1523 946 intelli-

136 971 314 1027 gentiae
347 981 523 1028 partem
551 971 701 1015 habet.
743 980 914 1014 restant
942 972 1084 1028 igitur
1113 969 1202 1013 tria
1220 977 1363 1021 astra,
1404 985 1521 1025 quo-

134 1055 239 1082 rum
258 1055 401 1082 unum
419 1038 624 1082 tarditate
648 1046 715 1081 est
732 1038 926 1091 eximia3
953 1038 1139 1082 Saturni
1161 1037 1342 1094 quidam
1364 1036 1412 1078 id
1431 1051 1521 1079 no—

134 1106 259 1148 mine
286 1115 573 1164 nuncupant3
609 1106 859 1148 secundum
889 1105 943 1148 ad
977 1105 1232 1150 tarditatem
1257 1105 1414 1147 Iovem
1435 1119 1518 1162 ap-

130 1174 293 1231 pellari
323 1181 500 1232 oportet
510 1190 524 1226 3
560 1174 759 1216 Martem
786 1187 892 1215 eum
921 1173 998 1229 qui
1027 1173 1258 1229 sequitui-3
1310 1170 1516 1214 omnium

129 1256 243 1285 vero
275 1240 350 1285 hic
379 1240 578 1284 colorem
601 1240 734 1283 habet
767 1240 968 1284 maxime
988 1241 1192 1284 rutilum.
1233 1238 1414 1281 difficile
1435 1253 1517 1280 au-

130 1317 225 1352 tem
245 1308 360 1352 nihil
377 1308 544 1352 horum
565 1316 804 1366 perspectu
825 1308 863 1350 si
885 1308 983 1365 quis
1006 1316 1229 1366 exponat,
1263 1306 1339 1349 sed
1373 1322 1514 1363 quum

127 1375 412 1435 perceperis,
444 1385 496 1419 ut
513 1375 727 1428 dicimus,
757 1376 1011 1420 existimari
1035 1384 1228 1435 oportet.
1253 1374 1340 1417 hoc
1361 1382 1514 1418 autem

125 1444 313 1501 quisque
337 1443 537 1488 Graecus
570 1444 766 1502 cogitare
795 1443 950 1498 debet,
986 1445 1220 1503 regionem
1240 1458 1320 1485 nos
1343 1442 1511 1485 habere

126 1511 182 1554 ad
215 1511 434 1555 virtutem
462 1512 665 1555 omnium
686 1510 784 1554 fere
805 1512 1023 1570 optimam
1042 1513 1091 1555 in
1112 1527 1200 1570 qua
1221 1511 1402 1568 quidem
1424 1510 1512 1554 hoc

126 1588 194 1623 est
209 1579 433 1622 laudabile
455 1580 573 1636 quod
596 1580 744 1622 media
777 1590 842 1624 est
862 1581 981 1624 inter
999 1580 1198 1622 hiemem
1220 1587 1264 1622 et
1282 1587 1509 1623 aestatem.

123 1656 285 1690 natura
309 1663 420 1691 vero
448 1648 567 1706 apud
598 1663 682 1691 nos
710 1650 789 1692 cui.
813 1649 981 1693 aestiva
1007 1647 1248 1690 serenitate
1269 1640 1409 1703 vregio
1435 1647 1511 1690 illa

120 1715 417 1759 barbarorum
441 1723 664 1773 praestat,
708 1719 828 1775 quod
849 1717 1074 1767 diximus,
1099 1714 1244 1757 serius
1266 1715 1403 1757 etiam
1423 1714 1510 1757 ho-

121 1799 227 1827 rum
246 1783 404 1827 mundi
422 1784 612 1826 deorum
631 1786 814 1830 tradidit
835 1784 1156 1844 cognitionem.
1182 1797 1414 1825 sumamus
1426 1797 1512 1825 au-

122 1859 230 1904 tem,
258 1850 471 1908 quicquid
489 1850 653 1894 Graeci
674 1870 701 1896 a
722 1854 926 1898 barbaris
947 1851 1180 1910 accipiant,
1199 1849 1247 1892 id
1271 1850 1508 1908 pulchrius

122 1916 178 1959 ad
207 1927 464 1962 extremum
496 1919 552 1960 ab
584 1919 695 1976 ipsis
730 1921 857 1965 effici.
892 1930 1026 1978 atque
1055 1918 1190 1961 etiam
1218 1918 1274 1959 de
1299 1918 1368 1959 his
1393 1932 1507 1974 quae

122 2000 245 2026 nunc
276 1984 487 2028 dicuntur
525 1986 648 2029 idem
670 1997 849 2046 oportet
870 1986 1079 2044 cogitari,
1119 1984 1297 2027 difficile
1319 1985 1506 2040 quidem

122 2067 218 2095 esse
244 2051 396 2094 omnia
423 2051 471 2093 id
498 2066 639 2108 genus
671 2054 734 2098 ita
760 2056 968 2101 invenire
995 2062 1046 2095 ut
1079 2052 1129 2094 in
1158 2052 1328 2094 nullam
1349 2051 1506 2094 vocari

118 2119 475 2163 controversiam
510 2117 711 2176 possint,
749 2115 939 2159 multam
966 2127 1117 2162 tamen
1152 2126 1198 2160 et
1221 2121 1501 2177 praeclaram

119 2202 248 2245 spem
269 2201 362 2230 esse
382 2185 483 2228 fore
503 2195 555 2229 ut
574 2184 807 2243 pulchrius
826 2198 1021 2245 vereque
1039 2186 1230 2238 iustius,
1276 2201 1410 2243 quam
1434 2186 1507 2229 fa-

118 2270 196 2297 ma
218 2262 262 2297 et
283 2255 426 2297 cultus
446 2270 472 2297 a
490 2253 698 2297 barbaris
718 2252 894 2305 allatus,
927 2267 1083 2296 omnes
1104 2253 1187 2296 hos
1210 2254 1316 2296 deos
1337 2253 1504 2297 Graeci

121 2331 306 2373 curent,
346 2322 650 2365 institutiones
686 2328 731 2364 et
746 2320 970 2379 Delphica
997 2321 1178 2364 oracula
1208 2330 1252 2364 et
1275 2337 1458 2364 omnem
1480 2336 1507 2363 a

118 2389 289 2445 legibus
331 2390 664 2447 praescriptum
700 2388 961 2433 adhibentes
1002 2390 1186 2432 cultum.
1236 2389 1322 2432 hoc
1354 2398 1507 2432 autem

120 2471 256 2498 nemo
279 2471 492 2513 umquam
516 2457 799 2501 Graecorum
823 2467 1032 2502 vereatur
1056 2466 1107 2500 ut
1125 2473 1151 2499 a
1171 2457 1435 2501 mortalibus
1457 2457 1504 2498 in

118 2538 193 2566 res
236 2522 409 2568 divinas
451 2540 591 2583 opera
635 2525 694 2569 sit
726 2524 1028 2580 conferenda,
1074 2525 1151 2568 sed
1185 2524 1318 2584 plane
1346 2531 1504 2570 contra
