1716 2846
505 191 867 234 APOLOGIA
921 189 1268 232 SOCRATls.
1484 200 1573 238 101

203 304 340 370 igitur
353 310 527 369 -hospes
555 325 657 354 sum
687 310 735 352 in
765 308 956 351 dictione
982 308 1056 351 hic
1088 308 1260 353 usitata.
1280 308 1574 365 quemadmo-

203 381 313 423 dum
331 379 482 436 igitur,
510 380 548 422 si
565 392 726 422 revera
744 375 906 434 hospes
927 391 1082 428 essem,
1099 377 1279 420 veniam
1298 376 1434 429 mihi,
1466 377 1572 435 opi-

201 463 312 499 nor,
345 446 533 498 daretis,
563 448 601 489 si
621 456 666 491 et
691 445 844 502 lingua
863 453 908 488 et
925 443 1059 485 modo
1080 444 1158 487 illo
1176 444 1385 501 loquerer
1404 443 1454 486 in
1471 443 1573 502 qui-

199 515 281 557 bus
315 513 511 557 nutritus
540 529 709 566 essem,
732 513 804 556 ‘ita
836 512 971 554 etiam
999 526 1121 553 nunc
1149 526 1175 554 a
1200 512 1326 554 vobis
1360 519 1490 567 peto,
1523 510 1572 553 id

200 583 318 640 quod
343 582 510 625 iustum
531 589 619 635 est,
645 590 696 625 ut
715 579 937 630 arbitror,
967 586 1020 621 ut
1046 577 1160 620 mihi
1191 578 1369 621 dicendi
1388 577 1572 622 modum

197 648 468 707 permittatis
498 648 707 702 (fortasse
736 648 859 692 enim
890 645 1219 704 aliquantulum
1249 646 1447 691 deterior
1470 644 1572 696 erit,

197 717 385 761 fortasse
401 717 610 770 melior),
640 716 775 773 idque
795 714 944 757 solum
975 713 1262 757 consideretis
1285 722 1418 770 atque
1443 714 1499 756 ad
1524 712 1573 755 id

197 785 400 828 animum
428 784 693 835 advertatis,
735 791 891 827 utrum
920 781 1037 825 iusta
1078 781 1223 826 dicam
1259 796 1429 835 necne3
1466 795 1575 823 nam

196 851 353 895 iudicis
374 852 484 894 haec
505 860 571 895 est
586 851 730 895 virtus
742 882 756 904 ,
784 849 974 893 oratoris
997 857 1147 909 autem
1167 858 1277 892 vera
1297 849 1462 894 dicere.

305 919 508 963 Primum
536 919 676 976 igitur
712 933 907 974 aequum
940 926 1029 968 est,
1073 915 1392 968 Athenienses,
1426 931 1500 960 me
1518 915 1574 958 ad

196 985 347 1043 prima
366 1001 480 1042 quae
500 986 549 1027 in
569 1000 643 1028 me
672 985 787 1027 iacta
815 991 920 1036 sunt
935 983 1165 1026 mendacia
1178 979 1240 1025 *et
1257 983 1418 1040 primis
1440 998 1574 1026 accu-

197 1050 413 1095 satoribus
432 1052 730 1110 respondere3
750 1050 913 1094 deinde
921 1051 976 1093 ad
986 1049 1236 1107 posteriora
1249 1059 1292 1093 et
1309 1049 1572 1109 posteriori-

196 1120 294 1163 bus.
313 1120 426 1169 mihi
450 1122 571 1163 enim
590 1118 709 1178 apud
731 1133 809 1162 vos
831 1117 963 1161 multi
982 1117 1249 1160 exstiterunt
1273 1122 1567 1168 accusatores,

196 1187 273 1244 qui
300 1187 390 1230 iam
406 1186 598 1244 *pridem
627 1186 789 1229 multos
820 1199 904 1242 per
932 1199 1071 1227 ann-os
1101 1193 1144 1228 et
1173 1184 1289 1227 nihil!
1307 1183 1415 1228 {veri
1436 1183 1571 1225 dixe-

193 1262 325 1308 runt3
365 1268 475 1310 quos
506 1269 587 1311 ego
615 1253 758 1310 magis
785 1261 936 1294 metuo
968 1266 1103 1308 quam
1144 1251 1348 1309 Anytum
1390 1250 1572 1306 eiusque

194 1321 361 1373 socios,
387 1320 591 1378 quamvis
613 1320 748 1365 etiam
769 1318 819 1362 hi
851 1318 940 1364 sint
969 1333 1152 1375 grave83
1178 1333 1340 1363 verum
1369 1318 1437 1361 illi
1467 1325 1572 1360 sunt

193 1389 420 1446 graviores
433 1420 444 1440 ,
475 1388 550 1445 qui
571 1396 773 1431 vestrum
790 1386 1028 1448 plerosque
1048 1402 1073 1428 a
1093 1385 1287 1443 pueritia
1314 1394 1573 1444 occupave4

192 1456 288 1500 rint
308 1454 762 1516 rem-persuadentes,
789 1469 925 1511 quam
948 1453 1128 1497 crimini
1146 1452 1260 1497 mihi
1284 1453 1455 1506 darent,
1482 1451 1574 1494 fal-

193 1523 436 1566 sissimam:
467 1537 560 1565 esse
593 1522 816 1581 quendam
851 1521 1102 1575 Socratem,
1133 1521 1289 1564 virum
1308 1520 1571 1580 sapientem,

193 1591 271 1650 qui
296 1599 338 1634 et
357 1590 560 1634 caelestia
581 1599 721 1644 curet,
744 1597 789 1632 et
809 1603 920 1648 quae
941 1588 1022 1631 sub
1045 1597 1167 1631 terra
1181 1588 1272 1632 sint
1291 1588 1444 1630 omnia
1458 1591 1573 1644 'per-'-

195 1658 405 1716 quisierit
421 1672 687 1714 causamque
714 1655 983 1699 inferiorem
1014 1655 1176 1700 efficiat
1206 1655 1500 1714 superiorem.
1522 1654 1573 1697 hi

192 1726 314 1783 quod
335 1741 431 1768 eam
452 1725 619 1768 famam
645 1725 928 1784 sparserunt,
956 1722 1276 1775 Athenienses,
1313 1738 1470 1780 graves
1503 1720 1573 1765 illi

193 1802 296 1837 sunt
318 1787 593 1836 accusatores
616 1791 731 1845 mei3
760 1785 866 1836 nam
887 1790 966 1850 qui
985 1789 1175 1835 audiunt
1203 1797 1366 1847 putant
1399 1789 1573 1846 eosqui

193 1859 298 1902 talia
319 1867 534 1916 quaerant
551 1874 608 1901 ne
628 1858 733 1901 deos
758 1859 940 1915 quidem
966 1873 1060 1900 esse
1082 1866 1288 1901 statuere.
1313 1857 1474 1899 deinde
1492 1857 1573 1898 'ac-‘³

198 1934 420 1977 cusatores
440 1926 491 1971 hi
509 1934 614 1969 sunt
631 1941 823 1968 numero
845 1924 1006 1972 multi,
1031 1933 1075 1966 et
1102 1925 1236 1983 longo
1255 1924 1346 1967 iam
1369 1933 1573 1980 tempore

195 2008 270 2035 me
292 2000 553 2037 accusarunt
563 2010 578 2047 3
602 2000 699 2035 tum
727 1993 862 2035 etiam
899 2006 951 2033 ea
979 1999 1119 2034 aetate
1143 1990 1276 2033 'vobis
1304 1992 1415 2032 haec
1449 1990 1573 2032 dice-

194 2060 328 2109 bant,
357 2074 444 2116 qua
470 2058 671 2101 maxime
702 2057 887 2100 credere
906 2057 1117 2116 possetis,
1144 2072 1283 2115 quum
1308 2050 1388 2099 vos
1406 2047 1574 2114 partini

194 2128 328 2185 pueri
347 2126 498 2169 ess-etis
521 2133 564 2167 et
582 2123 920 2176 adolescentuli,
951 2123 1174 2181 planeque
1194 2123 1422 2181 absentem
1445 2137 1573 2166 accu-

194 2194 366 2246 sabant,
397 2193 579 2236 nemine
604 2205 783 2234 causam-
804 2190 993 2246 dicente,
1012 2189 1091 2232 sed
1110 2190 1230 2246 quod
1248 2191 1451 2245 omnium
1473 2205 1573 2234 ma:-

194 2261 321 2305 xime
340 2259 658 2317 inexplicabile
679 2266 770 2308 est,
796 2273 854 2301 ne
877 2258 1062 2299 nomina
1094 2257 1275 2315 quidem
1297 2273 1448 2300 eorem
1467 2255 1575 2300 li'cet

194 2328 309 2371 scire
337 2336 412 2370 aut
452 2327 625 2377 dicere,
658 2334 973 2382 praeterquam
1003 2325 1039 2366 si
1070 2325 1168 2381 quis
1195 2333 1325 2382 poeta
1356 2326 1474 2368 inter
1498 2334 1576 2366 eos

197 2403 262 2437 est
279 2394 486 2436 comicus.
508 2393 779 2450 quicumque
799 2400 950 2437 autem
973 2389 1145 2435 invidia
1166 2390 1339 2436 moti‘et
1352 2391 1575 2436 calumnia

196 2461 267 2504 usi
286 2460 581 2515 sollicitabant
617 2475 723 2511 vos,
760 2454 809 2502 ¹et
832 2459 951 2516 quod
974 2459 1152 2501 sibimet
1183 2459 1290 2518 ipsis
1311 2475 1574 2519 persuasum

196 2535 291 2569 erat
314 2527 409 2569 aliis
432 2528 772 2585 persuadebant,
799 2527 847 2569 hi
868 2526 1072 2570 omnium
1095 2527 1300 2570 *maxime
1317 2535 1422 2570 suut
1440 2527 1572 2570 inex-

196 2592 477 2651 pugnabiles;
515 2609 659 2651 neque
697 2593 818 2635 enim
849 2594 938 2637 huc
981 2594 1228 2651 producere
1268 2594 1374 2636 licet
1414 2607 1572 2635 eorum

196 2675 465 2718 quemquam
497 2676 578 2703 nec
624 2661 914 2717 redarguere,
950 2661 1027 2704 sed
1070 2676 1251 2706 necesse
1290 2669 1354 2704 est
1387 2674 1572 2717 prorsus
