1734 2872
669 125 988 164 CRITO.
1424 119 1513 162 1‘75

267 244 340 288 Cr.
397 245 523 288 Patet
554 241 609 284 ad
639 255 827 300 corpu33
862 240 970 284 huic
1000 238 1121 283 enim
1139 236 1251 282 illud
1263 235 1518 297 perniciem

150 315 289 360 affert.
1267 323 1274 333 ’

259 400 333 446 So.
391 401 528 447 Recte
550 396 672 443 dicis.
706 397 794 439 iam
814 410 966 438 nonne
986 402 1135 438 cetera
1153 391 1352 451 quoqne,
1379 393 1520 445 Crito,

148 468 407 514 huiusmodi
428 474 560 520 sunt,
595 482 652 508 ne
671 463 821 507 omnia
839 463 1195 520 persequamur?
1231 470 1364 520 atque
1385 462 1521 505 etiam

147 539 268 596 quod
289 537 345 579 ad
365 533 530 579 iustum
555 542 599 576 et
620 534 850 581 iniustum,
878 539 1014 587 turpe
1033 536 1076 572 et
1092 527 1353 581 honestum‚”
1377 537 1420 573 et
1437 530 1522 601 bo<-

127 603 259 649 *num
279 612 324 648 et
344 605 511 646 malum
532 601 720 652 annuet,
748 608 837 656 quo
859 598 915 640 de
937 611 1102 654 genere
1121 603 1243 639 nunc
1264 599 1392 641 nobis
1413 612 1523 640 con-

150 670 334 717 sultatio
355 671 433 724 fit,
464 679 621 713 uerum
655 667 776 725 volgi
805 665 1065 724 opinionem
1091 662 1220 720 sequi
1243 681 1323 708 nos
1345 675 1524 724 oportet
1568 679 1570 681 ·

151 755 336 798 eamque
367 745 593 788 metuere,
627 751 687 778 an
718 736 813 778 eius
844 734 1000 786 unius,
1038 732 1076 776 si
1106 733 1205 790 quis
1237 734 1411 791 peritus
1443 741 1524 786 est,

151 822 286 865 quem
315 814 359 849 et
384 804 586 848 revereri
607 811 785 862 oportet
803 811 847 846 et
862 811 1066 846 metuere
1084 801 1226 858 magis
1249 816 1385 858 quam
1405 811 1526 845 cete-

149 891 224 918 ros
244 887 425 924 omnes}
441 868 576 929 quem
594 870 682 914 nisi
699 872 957 928 sequemur,
985 884 1332 927 corrumpe-mus
1355 876 1401 912 et
1413 886 1525 912 con-

149 941 467 986 taminabimus
484 938 615 990 illud,
637 939 757 995 quod
775 939 890 981 iusto
904 937 1087 995 quidem
1099 938 1334 992 meliusfit,
1360 938 1527 983 iniusto

155 1009 352 1053 deterius
364 1008 386 1051 ’ἒ
415 1021 472 1049 an
490 1005 606 1048 nihil
627 1015 692 1049 est
709 1006 828 1048 hoc?

269 1096 340 1140 Cr.
396 1094 543 1139 Immo
568 1100 633 1136 est
650 1091 843 1150 aliquid,
874 1092 1063 1151 opinor,
1090 1070 1287 1137 Socrate.

266 1185 339 1227 So.
397 1182 495 1239 Age
522 1196 666 1234 nunc,
700 1181 738 1224 si
770 1181 816 1223 id
848 1181 968 1238 quod
1001 1195 1060 1225 ex
1090 1180 1258 1225 salubri
1278 1181 1440 1224 melius
1462 1182 1527 1235 fit,

154 1268 214 1296 ex
249 1248 456 1293 morbido
485 1255 637 1290 autem
668 1249 1001 1305 corrumpitur,
1041 1247 1400 1305 perdiderimus,
1438 1265 1529 1293 non

151 1319 406 1378 peritorum
422 1323 631 1373 parentes
653 1315 876 1373 opinioni,
896 1329 1009 1356 num
1030 1315 1120 1358 vita
1134 1314 1261 1373 nobis
1274 1322 1424 1374 potest
1437 1332 1531 1359 esse

152 1386 299 1433 vitalis
325 1385 404 1428 illo
439 1382 690 1440 corrupto?
728 1383 777 1427 id
805 1391 957 1428 autem
989 1395 1153 1440 corpus
1187 1391 1278 1437 θεῖς
1312 1398 1371 1426 an
1403 1385 1531 1427 non?

267 1471 343 1516 Cr.
397 1470 479 1515 Est
505 1485 632 1514 vero.

266 1563 340 1606 So.
395 1557 521 1609 Num
547 1562 686 1620 igitur
711 1559 811 1603 vita·
821 1559 954 1603 nobis
975 1566 1124 1618 potest
1145 1572 1239 1602 esse
1259 1558 1406 1603 vitalis
1427 1575 1533 1605 cum

156 1632 317 1677 vitioso
340 1643 383 1678 et
402 1639 618 1690 corrupto
638 1642 829 1687 corpore
841 1628 865 1670 ’ἓ
1009 1622 1011 1625 ’
1135 1646 1137 1648 ·

272 1721 347 1767 Cr.
403 1722 713 1780 Nequaquam.

266 1800 340 1844 So.
396 1802 459 1845 At
481 1814 585 1843 cum
602 1798 682 1841 illo
702 1795 796 1839 vita
814 1793 945 1836 nobis
961 1793 1112 1837 vitalis
1130 1804 1346 1853 corrupto
1359 1828 1374 1848 ,
1417 1797 1536 1853 quod

159 1866 376 1912 iniustitia
393 1867 736 1921 contaminatur,
761 1861 931 1906 iustitia
953 1860 1172 1905 iuvatur?
1201 1877 1259 1905 an
1279 1864 1413 1907 vilius
1435 1880 1537 1907 cor-

161 1945 275 1988 pore
298 1943 507 1990 putamus
537 1947 630 1977 esse
655 1931 794 1983 illud,
829 1929 1043 1987 quicquid
1076 1930 1257 1973 tandem
1286 1939 1351 1974 est
1378 1931 1536 1985 nostri,

161 1999 218 2040 ad
237 2000 360 2056 quod
379 2000 598 2045 iniustitia
618 2007 662 2042 et
678 1997 850 2041 iustitia
870 1996 1104 2055 spectant?

277 2077 352 2122 Cr.
409 2079 713 2135 Nequaquam.

272 2156 345 2203 So.
401 2157 477 2200 An
504 2153 831 2214 praestantius?

280 2235 353 2281 Cr.
410 2235 557 2278 Multo
585 2233 782 2291 quidem.

271 2315 342 2357 So.
399 2314 522 2372 Ergo
545 2313 674 2356 nobis
689 2344 702 2366 ‚
736 2311 809 2355 vir
830 2309 998 2369 optime
1012 2341 1024 2363 ,
1062 2325 1154 2352 non
1174 2316 1266 2352 tam
1287 2310 1535 2355 curandum

165 2388 231 2425 est
265 2382 373 2439 quid
402 2381 455 2424 de
482 2380 612 2423 nobis
639 2380 755 2423 dicat
775 2378 931 2436 volgus
940 2410 956 2430 ,
988 2393 1122 2434 quam
1145 2378 1253 2435 quid
1274 2377 1466 2422 iustitiae
1492 2387 1536 2422 et

163 2449 405 2493 iniustitiae
431 2448 619 2507 peritus,
655 2447 732 2490 ille
750 2456 880 2501 unus,
906 2447 1092 2505 ipsaque
1114 2445 1294 2488 veritasL
1327 2446 1537 2502 quocirca

164 2516 367 2572 primum
402 2516 584 2573 quidem
612 2514 729 2558 haud
758 2523 879 2558 recte
910 2514 1087 2565 suades,
1126 2528 1265 2570 quum
1293 2513 1535 2555 curandam

165 2583 293 2627 nobis
319 2583 428 2626 dicis
451 2583 569 2642 volgi
590 2582 849 2642 opinionem
871 2583 925 2625 de
946 2582 1064 2626 iusto
1084 2590 1128 2625 et
1150 2581 1335 2625 honesto
1360 2589 1402 2623 et
1418 2580 1536 2621 bono
