<?xml version="1.0" encoding="UTF-8"?>
<!DOCTYPE html PUBLIC "-//W3C//DTD XHTML 1.0 Transitional//EN"
    "http://www.w3.org/TR/xhtml1/DTD/xhtml1-transitional.dtd">
<html xmlns="http://www.w3.org/1999/xhtml" xml:lang="en" lang="en">
 <head>
  <title>
</title>
<meta http-equiv="Content-Type" content="text/html;charset=utf-8" />
  <meta name='ocr-system' content='tesseract 3.04.00' />
  <meta name='ocr-capabilities' content='ocr_page ocr_carea ocr_par ocr_line ocrx_word'/>
</head>
<body>
  <div class='ocr_page' id='page_1' title='image "./quaeexstantopera08platuoft_0191.png"; bbox 0 0 1734 2872; ppageno 0'>
   <div class='ocr_carea' id='block_1_1' title="bbox 671 137 1516 185">
    <p class='ocr_par' dir='ltr' id='par_1_1' title="bbox 671 137 1516 185">
     <span class='ocr_line' id='line_1_1' title="bbox 671 137 1516 185; baseline -0.002 -7"><span class='ocrx_word' id='word_1_1' title='bbox 671 137 988 185; x_wconf 84' lang='lat' dir='ltr'><strong>cR1To.</strong></span> <span class='ocrx_word' id='word_1_2' title='bbox 1427 141 1516 182; x_wconf 82' lang='lat'><strong>183</strong></span> 
     </span>
    </p>
   </div>
   <div class='ocr_carea' id='block_1_2' title="bbox 64 252 1516 655">
    <p class='ocr_par' dir='ltr' id='par_1_2' title="bbox 64 252 1516 655">
     <span class='ocr_line' id='line_1_2' title="bbox 140 252 1516 316; baseline -0.003 -14"><span class='ocrx_word' id='word_1_3' title='bbox 140 275 166 302; x_wconf 81' lang='lat' dir='ltr'><strong>a</strong></span> <span class='ocrx_word' id='word_1_4' title='bbox 183 253 365 316; x_wconf 80' lang='lat' dir='ltr'><strong>privatis</strong></span> <span class='ocrx_word' id='word_1_5' title='bbox 386 254 539 297; x_wconf 85' lang='lat' dir='ltr'><strong>irritae</strong></span> <span class='ocrx_word' id='word_1_6' title='bbox 559 253 669 298; x_wconf 84' lang='lat' dir='ltr'><strong>fiant</strong></span> <span class='ocrx_word' id='word_1_7' title='bbox 696 263 740 298; x_wconf 86' lang='lat' dir='ltr'><strong>et</strong></span> <span class='ocrx_word' id='word_1_8' title='bbox 755 253 1067 307; x_wconf 71' lang='lat' dir='ltr'><strong>rescindantur</strong></span> <span class='ocrx_word' id='word_1_9' title='bbox 1081 254 1102 296; x_wconf 71' lang='grc' dir='ltr'><strong>’ἒ</strong></span> <span class='ocrx_word' id='word_1_10' title='bbox 1160 252 1281 310; x_wconf 87' lang='lat' dir='ltr'><strong>Quid</strong></span> <span class='ocrx_word' id='word_1_11' title='bbox 1304 252 1516 308; x_wconf 78' lang='lat' dir='ltr'><strong>dicemus,&#39;</strong></span> 
     </span>
     <span class='ocr_line' id='line_1_3' title="bbox 140 321 1509 380; baseline -0.002 -12"><span class='ocrx_word' id='word_1_12' title='bbox 140 323 288 376; x_wconf 83' lang='lat' dir='ltr'><strong>Crito,</strong></span> <span class='ocrx_word' id='word_1_13' title='bbox 329 322 384 364; x_wconf 84' lang='lat' dir='ltr'><strong>ad</strong></span> <span class='ocrx_word' id='word_1_14' title='bbox 411 321 519 364; x_wconf 83' lang='lat' dir='ltr'><strong>haec</strong></span> <span class='ocrx_word' id='word_1_15' title='bbox 543 322 723 380; x_wconf 64' lang='lat' dir='ltr'><strong>⁴aliaque</strong></span> <span class='ocrx_word' id='word_1_16' title='bbox 745 322 942 365; x_wconf 78' lang='lat' dir='ltr'><strong>similia?</strong></span> <span class='ocrx_word' id='word_1_17' title='bbox 979 336 1084 363; x_wconf 83' lang='lat' dir='ltr'><strong>nam</strong></span> <span class='ocrx_word' id='word_1_18' title='bbox 1116 321 1313 378; x_wconf 84' lang='lat' dir='ltr'><strong>plurima</strong></span> <span class='ocrx_word' id='word_1_19' title='bbox 1336 321 1509 379; x_wconf 79' lang='lat' dir='ltr'><strong>aliquis,</strong></span> 
     </span>
     <span class='ocr_line' id='line_1_4' title="bbox 137 389 1511 448; baseline -0.002 -13"><span class='ocrx_word' id='word_1_20' title='bbox 137 390 311 435; x_wconf 84' lang='lat' dir='ltr'><strong>dicendi</strong></span> <span class='ocrx_word' id='word_1_21' title='bbox 338 391 602 448; x_wconf 84' lang='lat' dir='ltr'><strong>praesertim</strong></span> <span class='ocrx_word' id='word_1_22' title='bbox 619 389 791 447; x_wconf 86' lang='lat' dir='ltr'><strong>peritus</strong></span> <span class='ocrx_word' id='word_1_23' title='bbox 805 421 817 442; x_wconf 90' lang='lat'>,</span> <span class='ocrx_word' id='word_1_24' title='bbox 850 389 1038 432; x_wconf 87' lang='lat' dir='ltr'><strong>dicenda</strong></span> <span class='ocrx_word' id='word_1_25' title='bbox 1065 389 1224 432; x_wconf 82' lang='lat' dir='ltr'><strong>habeat</strong></span> <span class='ocrx_word' id='word_1_26' title='bbox 1244 403 1330 445; x_wconf 82' lang='lat' dir='ltr'><strong>pro</strong></span> <span class='ocrx_word' id='word_1_27' title='bbox 1350 389 1511 434; x_wconf 81' lang='lat' dir='ltr'><strong>violata</strong></span> 
     </span>
     <span class='ocr_line' id='line_1_5' title="bbox 64 452 1509 515; baseline -0.001 -14"><span class='ocrx_word' id='word_1_28' title='bbox 64 488 70 490; x_wconf 90' lang='lat'><em>-</em></span> <span class='ocrx_word' id='word_1_29' title='bbox 134 457 216 501; x_wconf 84' lang='lat' dir='ltr'><strong>hac</strong></span> <span class='ocrx_word' id='word_1_30' title='bbox 245 460 367 515; x_wconf 86' lang='lat' dir='ltr'><strong>lege,</strong></span> <span class='ocrx_word' id='word_1_31' title='bbox 406 473 520 515; x_wconf 86' lang='lat' dir='ltr'><strong>quae</strong></span> <span class='ocrx_word' id='word_1_32' title='bbox 551 452 764 504; x_wconf 82' lang='lat' dir='ltr'><strong>iudicatas</strong></span> <span class='ocrx_word' id='word_1_33' title='bbox 797 472 946 499; x_wconf 86' lang='lat' dir='ltr'><strong>causas</strong></span> <span class='ocrx_word' id='word_1_34' title='bbox 980 456 1102 499; x_wconf 84' lang='lat' dir='ltr'><strong>iubet</strong></span> <span class='ocrx_word' id='word_1_35' title='bbox 1120 465 1236 499; x_wconf 84' lang='lat' dir='ltr'><strong>ratas</strong></span> <span class='ocrx_word' id='word_1_36' title='bbox 1256 456 1424 500; x_wconf 83' lang='lat' dir='ltr'><strong>haberi.</strong></span> <span class='ocrx_word' id='word_1_37' title='bbox 1451 472 1509 500; x_wconf 85' lang='lat' dir='ltr'><strong>an</strong></span> 
     </span>
     <span class='ocr_line' id='line_1_6' title="bbox 134 523 1509 575; baseline 0 -7"><span class='ocrx_word' id='word_1_38' title='bbox 134 525 330 568; x_wconf 87' lang='lat' dir='ltr'><strong>dicemus</strong></span> <span class='ocrx_word' id='word_1_39' title='bbox 353 524 407 567; x_wconf 87' lang='lat' dir='ltr'><strong>ad</strong></span> <span class='ocrx_word' id='word_1_40' title='bbox 427 525 549 568; x_wconf 88' lang='lat' dir='ltr'><strong>illas:</strong></span> <span class='ocrx_word' id='word_1_41' title='bbox 587 525 649 570; x_wconf 85' lang='lat' dir='ltr'><strong>At</strong></span> <span class='ocrx_word' id='word_1_42' title='bbox 666 524 795 567; x_wconf 79' lang='lat' dir='ltr'><strong>nobis</strong></span> <span class='ocrx_word' id='word_1_43' title='bbox 812 523 982 567; x_wconf 85' lang='lat' dir='ltr'><strong>iniuria</strong></span> <span class='ocrx_word' id='word_1_44' title='bbox 1004 523 1138 566; x_wconf 83' lang='lat' dir='ltr'><strong>fiebat</strong></span> <span class='ocrx_word' id='word_1_45' title='bbox 1156 539 1182 565; x_wconf 91' lang='lat' dir='ltr'><strong>a</strong></span> <span class='ocrx_word' id='word_1_46' title='bbox 1203 523 1396 575; x_wconf 87' lang='lat' dir='ltr'><strong>civitate,</strong></span> <span class='ocrx_word' id='word_1_47' title='bbox 1417 539 1509 568; x_wconf 86' lang='lat' dir='ltr'><strong>non</strong></span> 
     </span>
     <span class='ocr_line' id='line_1_7' title="bbox 132 590 1383 655; baseline 0 -20"><span class='ocrx_word' id='word_1_48' title='bbox 132 600 255 636; x_wconf 82' lang='lat' dir='ltr'><strong>recte</strong></span> <span class='ocrx_word' id='word_1_49' title='bbox 277 607 452 636; x_wconf 85' lang='lat' dir='ltr'><strong>causam</strong></span> <span class='ocrx_word' id='word_1_50' title='bbox 475 592 738 636; x_wconf 82' lang='lat' dir='ltr'><strong>iudicante?</strong></span> <span class='ocrx_word' id='word_1_51' title='bbox 796 591 916 642; x_wconf 85' lang='lat' dir='ltr'><strong>Hoc,</strong></span> <span class='ocrx_word' id='word_1_52' title='bbox 943 606 1001 634; x_wconf 88' lang='lat' dir='ltr'><strong>an</strong></span> <span class='ocrx_word' id='word_1_53' title='bbox 1021 591 1130 655; x_wconf 79' lang='lat' dir='ltr'><strong>quid</strong></span> <span class='ocrx_word' id='word_1_54' title='bbox 1152 590 1383 638; x_wconf 83' lang='lat' dir='ltr'><strong>dicemus?</strong></span> 
     </span>
    </p>
   </div>
   <div class='ocr_carea' id='block_1_3' title="bbox 250 706 1120 782">
    <p class='ocr_par' dir='ltr' id='par_1_3' title="bbox 250 706 1120 782">
     <span class='ocr_line' id='line_1_8' title="bbox 250 706 1120 782; baseline -0.002 -22"><span class='ocrx_word' id='word_1_55' title='bbox 250 715 323 760; x_wconf 84' lang='lat' dir='ltr'><strong>Cr.</strong></span> <span class='ocrx_word' id='word_1_56' title='bbox 380 706 478 760; x_wconf 86' lang='lat' dir='ltr'><strong>Hoc</strong></span> <span class='ocrx_word' id='word_1_57' title='bbox 497 716 647 781; x_wconf 75' lang='lat' dir='ltr'><strong>ipsum</strong></span> <span class='ocrx_word' id='word_1_58' title='bbox 669 714 897 782; x_wconf 74' lang='lat' dir='ltr'><strong>profecto,</strong></span> <span class='ocrx_word' id='word_1_59' title='bbox 923 714 1120 767; x_wconf 76' lang='lat' dir='ltr'><strong>Socrate.</strong></span> 
     </span>
    </p>
   </div>
   <div class='ocr_carea' id='block_1_4' title="bbox 121 839 1532 2635">
    <p class='ocr_par' dir='ltr' id='par_1_4' title="bbox 121 839 1532 2635">
     <span class='ocr_line' id='line_1_9' title="bbox 239 839 1506 899; baseline 0.001 -15"><span class='ocrx_word' id='word_1_60' title='bbox 239 841 313 884; x_wconf 88' lang='lat' dir='ltr'><strong>So.</strong></span> <span class='ocrx_word' id='word_1_61' title='bbox 369 840 495 899; x_wconf 79' lang='lat' dir='ltr'><strong>Quid</strong></span> <span class='ocrx_word' id='word_1_62' title='bbox 516 856 637 898; x_wconf 89' lang='lat' dir='ltr'><strong>ergo,</strong></span> <span class='ocrx_word' id='word_1_63' title='bbox 662 840 699 883; x_wconf 89' lang='lat' dir='ltr'><strong>si</strong></span> <span class='ocrx_word' id='word_1_64' title='bbox 715 848 905 899; x_wconf 84' lang='lat' dir='ltr'>pergant</span> <span class='ocrx_word' id='word_1_65' title='bbox 924 840 1044 898; x_wconf 85' lang='lat' dir='ltr'><strong>leges</strong></span> <span class='ocrx_word' id='word_1_66' title='bbox 1068 839 1269 892; x_wconf 81' lang='lat' dir='ltr'><strong>Socrate,</strong></span> <span class='ocrx_word' id='word_1_67' title='bbox 1292 854 1400 882; x_wconf 90' lang='lat' dir='ltr'><strong>num</strong></span> <span class='ocrx_word' id='word_1_68' title='bbox 1420 841 1506 885; x_wconf 86' lang='lat' dir='ltr'><strong>hoc</strong></span> 
     </span>
     <span class='ocr_line' id='line_1_10' title="bbox 130 908 1506 964; baseline 0.002 -15"><span class='ocrx_word' id='word_1_69' title='bbox 130 921 306 963; x_wconf 90' lang='lat' dir='ltr'><strong>quoque</strong></span> <span class='ocrx_word' id='word_1_70' title='bbox 335 915 515 963; x_wconf 85' lang='lat' dir='ltr'><strong>pactum</strong></span> <span class='ocrx_word' id='word_1_71' title='bbox 539 917 634 950; x_wconf 82' lang='lat' dir='ltr'><strong>erat</strong></span> <span class='ocrx_word' id='word_1_72' title='bbox 657 909 789 950; x_wconf 87' lang='lat' dir='ltr'><strong>nobis</strong></span> <span class='ocrx_word' id='word_1_73' title='bbox 810 908 999 964; x_wconf 83' lang='lat' dir='ltr'><strong>tibique,</strong></span> <span class='ocrx_word' id='word_1_74' title='bbox 1020 923 1078 950; x_wconf 87' lang='lat' dir='ltr'><strong>an</strong></span> <span class='ocrx_word' id='word_1_75' title='bbox 1096 916 1146 950; x_wconf 88' lang='lat' dir='ltr'><strong>ut</strong></span> <span class='ocrx_word' id='word_1_76' title='bbox 1171 916 1307 950; x_wconf 86' lang='lat' dir='ltr'><strong>stares</strong></span> <span class='ocrx_word' id='word_1_77' title='bbox 1331 909 1506 952; x_wconf 87' lang='lat' dir='ltr'><strong>iudiciis</strong></span> 
     </span>
     <span class='ocr_line' id='line_1_11' title="bbox 130 973 1503 1030; baseline 0.004 -15"><span class='ocrx_word' id='word_1_78' title='bbox 130 989 244 1030; x_wconf 84' lang='lat' dir='ltr'><strong>quae</strong></span> <span class='ocrx_word' id='word_1_79' title='bbox 273 974 428 1016; x_wconf 87' lang='lat' dir='ltr'><strong>civitas</strong></span> <span class='ocrx_word' id='word_1_80' title='bbox 454 974 660 1017; x_wconf 78' lang='lat' dir='ltr'><strong>fecisset?</strong></span> <span class='ocrx_word' id='word_1_81' title='bbox 717 975 786 1017; x_wconf 86' lang='lat' dir='ltr'><strong>Ao</strong></span> <span class='ocrx_word' id='word_1_82' title='bbox 812 976 849 1016; x_wconf 86' lang='lat' dir='ltr'><strong>si</strong></span> <span class='ocrx_word' id='word_1_83' title='bbox 880 973 965 1016; x_wconf 88' lang='lat' dir='ltr'><strong>hoc</strong></span> <span class='ocrx_word' id='word_1_84' title='bbox 997 974 1194 1017; x_wconf 85' lang='lat' dir='ltr'><strong>dicentes</strong></span> <span class='ocrx_word' id='word_1_85' title='bbox 1219 975 1503 1028; x_wconf 83' lang='lat' dir='ltr'>mirabimur,</span> 
     </span>
     <span class='ocr_line' id='line_1_12' title="bbox 131 1040 1507 1097; baseline 0.002 -15"><span class='ocrx_word' id='word_1_86' title='bbox 131 1041 195 1082; x_wconf 85' lang='lat' dir='ltr'><strong>sic</strong></span> <span class='ocrx_word' id='word_1_87' title='bbox 227 1040 411 1083; x_wconf 73' lang='lat' dir='ltr'><strong>fortasse</strong></span> <span class='ocrx_word' id='word_1_88' title='bbox 442 1040 614 1084; x_wconf 87' lang='lat' dir='ltr'><strong>dicent:</strong></span> <span class='ocrx_word' id='word_1_89' title='bbox 670 1041 777 1083; x_wconf 81' lang='lat' dir='ltr'>Noli</span> <span class='ocrx_word' id='word_1_90' title='bbox 805 1040 986 1094; x_wconf 87' lang='lat' dir='ltr'><strong>mirari,</strong></span> <span class='ocrx_word' id='word_1_91' title='bbox 1017 1041 1223 1094; x_wconf 81' lang='lat' dir='ltr'><strong>Socrate,</strong></span> <span class='ocrx_word' id='word_1_92' title='bbox 1253 1056 1367 1097; x_wconf 88' lang='lat' dir='ltr'><strong>quae</strong></span> <span class='ocrx_word' id='word_1_93' title='bbox 1391 1042 1507 1085; x_wconf 77' lang='lat' dir='ltr'><strong>dici-</strong></span> 
     </span>
     <span class='ocr_line' id='line_1_13' title="bbox 128 1107 1506 1166; baseline 0.007 -18"><span class='ocrx_word' id='word_1_94' title='bbox 128 1122 255 1158; x_wconf 88' lang='lat' dir='ltr'><strong>mus,</strong></span> <span class='ocrx_word' id='word_1_95' title='bbox 295 1107 370 1149; x_wconf 86' lang='lat' dir='ltr'><strong>sed</strong></span> <span class='ocrx_word' id='word_1_96' title='bbox 400 1108 645 1164; x_wconf 85' lang='lat' dir='ltr'><strong>responde,</strong></span> <span class='ocrx_word' id='word_1_97' title='bbox 676 1109 898 1166; x_wconf 79' lang='lat' dir='ltr'><strong>siquidem</strong></span> <span class='ocrx_word' id='word_1_98' title='bbox 925 1107 1295 1156; x_wconf 76' lang='lat' dir='ltr'><strong>consuetudinem</strong></span> <span class='ocrx_word' id='word_1_99' title='bbox 1320 1124 1440 1152; x_wconf 77' lang='lat' dir='ltr'><strong>amas</strong></span> <span class='ocrx_word' id='word_1_100' title='bbox 1462 1123 1506 1155; x_wconf 85' lang='lat' dir='ltr'><strong>et</strong></span> 
     </span>
     <span class='ocr_line' id='line_1_14' title="bbox 127 1173 1504 1233; baseline 0.003 -19"><span class='ocrx_word' id='word_1_101' title='bbox 127 1173 434 1229; x_wconf 85' lang='lat' dir='ltr'><strong>interrogandi</strong></span> <span class='ocrx_word' id='word_1_102' title='bbox 464 1181 509 1215; x_wconf 92' lang='lat' dir='ltr'><strong>et</strong></span> <span class='ocrx_word' id='word_1_103' title='bbox 533 1175 848 1233; x_wconf 82' lang='lat' dir='ltr'><strong>respondendi.</strong></span> <span class='ocrx_word' id='word_1_104' title='bbox 885 1190 966 1233; x_wconf 87' lang='lat' dir='ltr'><strong>age</strong></span> <span class='ocrx_word' id='word_1_105' title='bbox 998 1176 1147 1229; x_wconf 88' lang='lat' dir='ltr'><strong>enim,</strong></span> <span class='ocrx_word' id='word_1_106' title='bbox 1179 1175 1285 1232; x_wconf 86' lang='lat' dir='ltr'><strong>quid</strong></span> <span class='ocrx_word' id='word_1_107' title='bbox 1305 1191 1504 1232; x_wconf 87' lang='lat' dir='ltr'><strong>conque-</strong></span> 
     </span>
     <span class='ocr_line' id='line_1_15' title="bbox 126 1234 1501 1301; baseline 0.002 -18"><span class='ocrx_word' id='word_1_108' title='bbox 126 1248 214 1283; x_wconf 85' lang='lat' dir='ltr'><strong>stus</strong></span> <span class='ocrx_word' id='word_1_109' title='bbox 236 1241 403 1287; x_wconf 81' lang='lat' dir='ltr'><strong>civitati</strong></span> <span class='ocrx_word' id='word_1_110' title='bbox 423 1248 465 1283; x_wconf 91' lang='lat' dir='ltr'><strong>et</strong></span> <span class='ocrx_word' id='word_1_111' title='bbox 484 1242 614 1287; x_wconf 88' lang='lat' dir='ltr'><strong>nobis</strong></span> <span class='ocrx_word' id='word_1_112' title='bbox 633 1242 883 1299; x_wconf 75' lang='lat' dir='ltr'><strong>perniciem</strong></span> <span class='ocrx_word' id='word_1_113' title='bbox 904 1234 1079 1285; x_wconf 87' lang='lat' dir='ltr'><strong>moliris</strong></span> <span class='ocrx_word' id='word_1_114' title='bbox 1093 1244 1116 1284; x_wconf 75' lang='lat'><strong>‘2</strong></span> <span class='ocrx_word' id='word_1_115' title='bbox 1139 1235 1289 1290; x_wconf 79' lang='lat' dir='ltr'><strong>nonne</strong></span> <span class='ocrx_word' id='word_1_116' title='bbox 1300 1243 1501 1301; x_wconf 80' lang='lat' dir='ltr'><strong>primum</strong></span> 
     </span>
     <span class='ocr_line' id='line_1_16' title="bbox 125 1308 1500 1366; baseline 0.003 -16"><span class='ocrx_word' id='word_1_117' title='bbox 125 1315 169 1350; x_wconf 90' lang='lat' dir='ltr'><strong>te</strong></span> <span class='ocrx_word' id='word_1_118' title='bbox 188 1309 424 1366; x_wconf 89' lang='lat' dir='ltr'><strong>genuimus</strong></span> <span class='ocrx_word' id='word_1_119' title='bbox 444 1323 541 1359; x_wconf 73' lang='grc' dir='ltr'><strong>ηοε,</strong></span> <span class='ocrx_word' id='word_1_120' title='bbox 569 1316 612 1351; x_wconf 86' lang='lat' dir='ltr'><strong>et</strong></span> <span class='ocrx_word' id='word_1_121' title='bbox 633 1323 717 1366; x_wconf 84' lang='lat' dir='ltr'><strong>per</strong></span> <span class='ocrx_word' id='word_1_122' title='bbox 735 1324 818 1350; x_wconf 88' lang='lat' dir='ltr'><strong>nos</strong></span> <span class='ocrx_word' id='word_1_123' title='bbox 838 1323 1032 1357; x_wconf 83' lang='lat' dir='ltr'><strong>uxorem</strong></span> <span class='ocrx_word' id='word_1_124' title='bbox 1055 1308 1189 1355; x_wconf 82' lang='lat' dir='ltr'><strong>duxit</strong></span> <span class='ocrx_word' id='word_1_125' title='bbox 1209 1319 1400 1353; x_wconf 84' lang='lat' dir='ltr'><strong>matr-em</strong></span> <span class='ocrx_word' id='word_1_126' title='bbox 1422 1319 1500 1354; x_wconf 91' lang='lat' dir='ltr'><strong>tu·-</strong></span> 
     </span>
     <span class='ocr_line' id='line_1_17' title="bbox 128 1369 1501 1437; baseline 0.001 -19"><span class='ocrx_word' id='word_1_127' title='bbox 128 1392 196 1418; x_wconf 89' lang='lat' dir='ltr'><strong>am</strong></span> <span class='ocrx_word' id='word_1_128' title='bbox 216 1385 343 1434; x_wconf 88' lang='lat' dir='ltr'><strong>pater</strong></span> <span class='ocrx_word' id='word_1_129' title='bbox 362 1383 491 1432; x_wconf 88' lang='lat' dir='ltr'><strong>teque</strong></span> <span class='ocrx_word' id='word_1_130' title='bbox 504 1369 793 1433; x_wconf 81' lang='lat' dir='ltr'><strong>procreavit?</strong></span> <span class='ocrx_word' id='word_1_131' title='bbox 816 1376 886 1420; x_wconf 86' lang='lat' dir='ltr'><strong>dic</strong></span> <span class='ocrx_word' id='word_1_132' title='bbox 903 1375 1056 1437; x_wconf 84' lang='lat' dir='ltr'><strong>igitur,</strong></span> <span class='ocrx_word' id='word_1_133' title='bbox 1080 1390 1189 1422; x_wconf 87' lang='lat' dir='ltr'><strong>num</strong></span> <span class='ocrx_word' id='word_1_134' title='bbox 1209 1391 1281 1421; x_wconf 81' lang='lat' dir='ltr'><strong>eas</strong></span> <span class='ocrx_word' id='word_1_135' title='bbox 1302 1393 1363 1421; x_wconf 76' lang='lat' dir='ltr'><strong>ex</strong></span> <span class='ocrx_word' id='word_1_136' title='bbox 1372 1378 1501 1421; x_wconf 88' lang='lat' dir='ltr'><strong>nobis</strong></span> 
     </span>
     <span class='ocr_line' id='line_1_18' title="bbox 123 1443 1499 1503; baseline 0.001 -17"><span class='ocrx_word' id='word_1_137' title='bbox 123 1445 292 1501; x_wconf 84' lang='lat' dir='ltr'><strong>legibus</strong></span> <span class='ocrx_word' id='word_1_138' title='bbox 313 1458 425 1500; x_wconf 86' lang='lat' dir='ltr'><strong>quae</strong></span> <span class='ocrx_word' id='word_1_139' title='bbox 447 1443 501 1486; x_wconf 88' lang='lat' dir='ltr'><strong>de</strong></span> <span class='ocrx_word' id='word_1_140' title='bbox 522 1443 741 1501; x_wconf 76' lang='lat' dir='ltr'><strong>coniugiis.</strong></span> <span class='ocrx_word' id='word_1_141' title='bbox 762 1451 866 1486; x_wconf 83' lang='lat' dir='ltr'><strong>sunt</strong></span> <span class='ocrx_word' id='word_1_142' title='bbox 886 1443 1086 1500; x_wconf 82' lang='lat' dir='ltr'><strong>quereris</strong></span> <span class='ocrx_word' id='word_1_143' title='bbox 1107 1443 1256 1489; x_wconf 88' lang='lat' dir='ltr'><strong>minus</strong></span> <span class='ocrx_word' id='word_1_144' title='bbox 1275 1444 1390 1487; x_wconf 91' lang='lat' dir='ltr'><strong>bene</strong></span> <span class='ocrx_word' id='word_1_145' title='bbox 1408 1461 1499 1503; x_wconf 85' lang='lat' dir='ltr'><strong>po-</strong></span> 
     </span>
     <span class='ocr_line' id='line_1_19' title="bbox 123 1509 1498 1568; baseline 0 -14"><span class='ocrx_word' id='word_1_146' title='bbox 123 1513 225 1554; x_wconf 88' lang='lat' dir='ltr'><strong>sitas</strong></span> <span class='ocrx_word' id='word_1_147' title='bbox 255 1512 380 1554; x_wconf 82' lang='lat' dir='ltr'><strong>esse?</strong></span> <span class='ocrx_word' id='word_1_148' title='bbox 438 1510 563 1553; x_wconf 85' lang='lat' dir='ltr'><strong>Nihil</strong></span> <span class='ocrx_word' id='word_1_149' title='bbox 590 1525 782 1567; x_wconf 76' lang='lat' dir='ltr'><strong>queror,</strong></span> <span class='ocrx_word' id='word_1_150' title='bbox 811 1509 1143 1568; x_wconf 88' lang='lat' dir='ltr'><strong>responderim.</strong></span> <span class='ocrx_word' id='word_1_151' title='bbox 1201 1512 1262 1554; x_wconf 81' lang='lat' dir='ltr'><strong>At</strong></span> <span class='ocrx_word' id='word_1_152' title='bbox 1291 1526 1363 1553; x_wconf 87' lang='lat' dir='ltr'><strong>eas</strong></span> <span class='ocrx_word' id='word_1_153' title='bbox 1383 1527 1498 1568; x_wconf 86' lang='lat' dir='ltr'><strong>quae</strong></span> 
     </span>
     <span class='ocr_line' id='line_1_20' title="bbox 125 1578 1532 1636; baseline 0.002 -16"><span class='ocrx_word' id='word_1_154' title='bbox 125 1588 226 1622; x_wconf 85' lang='lat' dir='ltr'><strong>sunt</strong></span> <span class='ocrx_word' id='word_1_155' title='bbox 255 1579 310 1622; x_wconf 87' lang='lat' dir='ltr'><strong>de</strong></span> <span class='ocrx_word' id='word_1_156' title='bbox 341 1579 484 1636; x_wconf 83' lang='lat' dir='ltr'><strong>prolis</strong></span> <span class='ocrx_word' id='word_1_157' title='bbox 516 1579 777 1622; x_wconf 84' lang='lat' dir='ltr'><strong>educatione</strong></span> <span class='ocrx_word' id='word_1_158' title='bbox 807 1586 851 1621; x_wconf 88' lang='lat' dir='ltr'><strong>et</strong></span> <span class='ocrx_word' id='word_1_159' title='bbox 871 1578 1182 1630; x_wconf 85' lang='lat' dir='ltr'><strong>institutione,</strong></span> <span class='ocrx_word' id='word_1_160' title='bbox 1222 1578 1380 1635; x_wconf 87' lang='lat' dir='ltr'><strong>inqua</strong></span> <span class='ocrx_word' id='word_1_161' title='bbox 1400 1578 1497 1636; x_wconf 89' lang='lat' dir='ltr'><strong>ipse</strong></span> <span class='ocrx_word' id='word_1_162' title='bbox 1528 1619 1532 1623; x_wconf 76' lang='grc'><em>.</em></span> 
     </span>
     <span class='ocr_line' id='line_1_21' title="bbox 122 1646 1497 1704; baseline -0.001 -15"><span class='ocrx_word' id='word_1_163' title='bbox 122 1662 298 1704; x_wconf 91' lang='lat' dir='ltr'><strong>quoque</strong></span> <span class='ocrx_word' id='word_1_164' title='bbox 329 1646 557 1689; x_wconf 85' lang='lat' dir='ltr'><strong>institutus</strong></span> <span class='ocrx_word' id='word_1_165' title='bbox 580 1647 660 1688; x_wconf 73' lang='lat' dir='ltr'><strong>es?</strong></span> <span class='ocrx_word' id='word_1_166' title='bbox 701 1662 759 1689; x_wconf 90' lang='lat' dir='ltr'><strong>an</strong></span> <span class='ocrx_word' id='word_1_167' title='bbox 779 1661 869 1692; x_wconf 84' lang='lat' dir='ltr'><strong>non</strong></span> <span class='ocrx_word' id='word_1_168' title='bbox 893 1646 1006 1687; x_wconf 89' lang='lat' dir='ltr'><strong>bene</strong></span> <span class='ocrx_word' id='word_1_169' title='bbox 1027 1654 1356 1702; x_wconf 87' lang='lat' dir='ltr'><strong>praeceperunt</strong></span> <span class='ocrx_word' id='word_1_170' title='bbox 1379 1646 1497 1702; x_wconf 89' lang='lat' dir='ltr'><strong>leges</strong></span> 
     </span>
     <span class='ocr_line' id='line_1_22' title="bbox 124 1712 1499 1775; baseline 0 -20"><span class='ocrx_word' id='word_1_171' title='bbox 124 1713 176 1755; x_wconf 86' lang='lat' dir='ltr'><strong>ad</strong></span> <span class='ocrx_word' id='word_1_172' title='bbox 209 1712 317 1755; x_wconf 86' lang='lat' dir='ltr'><strong>haec</strong></span> <span class='ocrx_word' id='word_1_173' title='bbox 350 1713 555 1757; x_wconf 82' lang='lat' dir='ltr'><strong>conditae</strong></span> <span class='ocrx_word' id='word_1_174' title='bbox 588 1722 765 1771; x_wconf 86' lang='lat' dir='ltr'><strong>patrem</strong></span> <span class='ocrx_word' id='word_1_175' title='bbox 794 1721 924 1767; x_wconf 78' lang='lat' dir='ltr'><strong>tuum</strong></span> <span class='ocrx_word' id='word_1_176' title='bbox 955 1713 1161 1757; x_wconf 83' lang='lat' dir='ltr'><strong>iubentes</strong></span> <span class='ocrx_word' id='word_1_177' title='bbox 1189 1713 1365 1775; x_wconf 55' lang='lat' dir='ltr'><strong>musica</strong></span> <span class='ocrx_word' id='word_1_178' title='bbox 1379 1722 1423 1756; x_wconf 82' lang='lat' dir='ltr'><strong>te</strong></span> <span class='ocrx_word' id='word_1_179' title='bbox 1453 1721 1499 1755; x_wconf 86' lang='lat' dir='ltr'><strong>et</strong></span> 
     </span>
     <span class='ocr_line' id='line_1_23' title="bbox 123 1779 1496 1836; baseline -0.001 -14"><span class='ocrx_word' id='word_1_180' title='bbox 123 1779 395 1836; x_wconf 77' lang='lat' dir='ltr'><strong>gymn‘astica</strong></span> <span class='ocrx_word' id='word_1_181' title='bbox 431 1789 525 1824; x_wconf 87' lang='lat' dir='ltr'><strong>arte</strong></span> <span class='ocrx_word' id='word_1_182' title='bbox 569 1781 837 1829; x_wconf 79' lang='lat' dir='ltr'><strong>instituere?</strong></span> <span class='ocrx_word' id='word_1_183' title='bbox 903 1781 1050 1827; x_wconf 77' lang='lat' dir='ltr'><strong>Immo¹</strong></span> <span class='ocrx_word' id='word_1_184' title='bbox 1099 1780 1239 1833; x_wconf 63' lang='lat' dir='ltr'><strong>bene,</strong></span> <span class='ocrx_word' id='word_1_185' title='bbox 1286 1779 1496 1823; x_wconf 84' lang='lat' dir='ltr'><strong>dixerim.</strong></span> 
     </span>
     <span class='ocr_line' id='line_1_24' title="bbox 125 1847 1496 1905; baseline -0.001 -15"><span class='ocrx_word' id='word_1_186' title='bbox 125 1848 220 1890; x_wconf 90' lang='lat' dir='ltr'><strong>Iam</strong></span> <span class='ocrx_word' id='word_1_187' title='bbox 248 1855 482 1904; x_wconf 82' lang='lat' dir='ltr'><strong>postquam</strong></span> <span class='ocrx_word' id='word_1_188' title='bbox 510 1849 686 1905; x_wconf 88' lang='lat' dir='ltr'><strong>genitus</strong></span> <span class='ocrx_word' id='word_1_189' title='bbox 717 1864 762 1891; x_wconf 87' lang='lat' dir='ltr'><strong>es</strong></span> <span class='ocrx_word' id='word_1_190' title='bbox 796 1857 927 1905; x_wconf 88' lang='lat' dir='ltr'><strong>atque</strong></span> <span class='ocrx_word' id='word_1_191' title='bbox 956 1847 1167 1895; x_wconf 79' lang='lat' dir='ltr'><strong>educatus</strong></span> <span class='ocrx_word' id='word_1_192' title='bbox 1188 1856 1232 1891; x_wconf 87' lang='lat' dir='ltr'><strong>et</strong></span> <span class='ocrx_word' id='word_1_193' title='bbox 1249 1848 1496 1897; x_wconf 78' lang='lat' dir='ltr'><strong>institutus,</strong></span> 
     </span>
     <span class='ocr_line' id='line_1_25' title="bbox 123 1913 1499 1976; baseline -0.001 -21"><span class='ocrx_word' id='word_1_194' title='bbox 123 1913 350 1971; x_wconf 85' lang='lat' dir='ltr'><strong>poterisne</strong></span> <span class='ocrx_word' id='word_1_195' title='bbox 377 1915 578 1970; x_wconf 86' lang='lat' dir='ltr'><strong>primum</strong></span> <span class='ocrx_word' id='word_1_196' title='bbox 603 1929 769 1976; x_wconf 84' lang='lat' dir='ltr'><strong>negare</strong></span> <span class='ocrx_word' id='word_1_197' title='bbox 796 1924 841 1959; x_wconf 86' lang='lat' dir='ltr'><strong>te</strong></span> <span class='ocrx_word' id='word_1_198' title='bbox 864 1925 1071 1963; x_wconf 85' lang='lat' dir='ltr'><strong>nostrum</strong></span> <span class='ocrx_word' id='word_1_199' title='bbox 1095 1930 1191 1959; x_wconf 84' lang='lat' dir='ltr'><strong>esse</strong></span> <span class='ocrx_word' id='word_1_200' title='bbox 1208 1924 1252 1958; x_wconf 88' lang='lat' dir='ltr'><strong>et</strong></span> <span class='ocrx_word' id='word_1_201' title='bbox 1273 1924 1428 1956; x_wconf 81' lang='lat' dir='ltr'><strong>natum</strong></span> <span class='ocrx_word' id='word_1_202' title='bbox 1453 1922 1499 1955; x_wconf 84' lang='lat' dir='ltr'><strong>et</strong></span> 
     </span>
     <span class='ocr_line' id='line_1_26' title="bbox 123 1980 1498 2042; baseline -0.001 -20"><span class='ocrx_word' id='word_1_203' title='bbox 123 1995 306 2023; x_wconf 87' lang='lat' dir='ltr'><strong>servum</strong></span> <span class='ocrx_word' id='word_1_204' title='bbox 319 2011 332 2033; x_wconf 89' lang='lat'><strong>,</strong></span> <span class='ocrx_word' id='word_1_205' title='bbox 366 1980 604 2037; x_wconf 87' lang='lat' dir='ltr'><strong>ipsumque</strong></span> <span class='ocrx_word' id='word_1_206' title='bbox 637 1991 681 2024; x_wconf 85' lang='lat' dir='ltr'><strong>et</strong></span> <span class='ocrx_word' id='word_1_207' title='bbox 700 1982 1009 2042; x_wconf 81' lang='lat' dir='ltr'><strong>progenitores</strong></span> <span class='ocrx_word' id='word_1_208' title='bbox 1031 1992 1130 2024; x_wconf 87' lang='lat' dir='ltr'><strong>tuos</strong></span> <span class='ocrx_word' id='word_1_209' title='bbox 1145 1983 1177 2028; x_wconf 69' lang='grc' dir='ltr'><strong>ἲ,</strong></span> <span class='ocrx_word' id='word_1_210' title='bbox 1206 1997 1256 2023; x_wconf 86' lang='lat' dir='ltr'><strong>ac</strong></span> <span class='ocrx_word' id='word_1_211' title='bbox 1277 1981 1314 2022; x_wconf 92' lang='lat' dir='ltr'><strong>si</strong></span> <span class='ocrx_word' id='word_1_212' title='bbox 1340 1981 1403 2022; x_wconf 87' lang='lat' dir='ltr'><strong>ita</strong></span> <span class='ocrx_word' id='word_1_213' title='bbox 1424 1994 1498 2020; x_wconf 89' lang='lat' dir='ltr'><strong>res</strong></span> 
     </span>
     <span class='ocr_line' id='line_1_27' title="bbox 124 2046 1497 2104; baseline -0.001 -14"><span class='ocrx_word' id='word_1_214' title='bbox 124 2056 211 2098; x_wconf 83' lang='lat' dir='ltr'><strong>est,</strong></span> <span class='ocrx_word' id='word_1_215' title='bbox 247 2063 359 2090; x_wconf 87' lang='lat' dir='ltr'><strong>num</strong></span> <span class='ocrx_word' id='word_1_216' title='bbox 391 2047 511 2090; x_wconf 90' lang='lat' dir='ltr'><strong>idem</strong></span> <span class='ocrx_word' id='word_1_217' title='bbox 542 2056 670 2104; x_wconf 87' lang='lat' dir='ltr'><strong>putas</strong></span> <span class='ocrx_word' id='word_1_218' title='bbox 695 2047 769 2090; x_wconf 74' lang='lat' dir='ltr'><strong>ius</strong></span> <span class='ocrx_word' id='word_1_219' title='bbox 785 2048 867 2093; x_wconf 78' lang='lat' dir='ltr'><strong>tibi</strong></span> <span class='ocrx_word' id='word_1_220' title='bbox 889 2063 982 2090; x_wconf 88' lang='lat' dir='ltr'><strong>esse</strong></span> <span class='ocrx_word' id='word_1_221' title='bbox 1003 2057 1047 2095; x_wconf 83' lang='lat' dir='ltr'><strong>et</strong></span> <span class='ocrx_word' id='word_1_222' title='bbox 1066 2048 1223 2098; x_wconf 75' lang='lat' dir='ltr'><strong>nobis,</strong></span> <span class='ocrx_word' id='word_1_223' title='bbox 1257 2056 1331 2099; x_wconf 82' lang='lat' dir='ltr'><strong>ut,</strong></span> <span class='ocrx_word' id='word_1_224' title='bbox 1369 2046 1497 2102; x_wconf 81' lang='lat' dir='ltr'><strong>quic·-</strong></span> 
     </span>
     <span class='ocr_line' id='line_1_28' title="bbox 122 2113 1495 2172; baseline -0.001 -16"><span class='ocrx_word' id='word_1_225' title='bbox 122 2114 230 2172; x_wconf 82' lang='lat' dir='ltr'><strong>quid</strong></span> <span class='ocrx_word' id='word_1_226' title='bbox 258 2129 341 2156; x_wconf 89' lang='lat' dir='ltr'><strong>nos</strong></span> <span class='ocrx_word' id='word_1_227' title='bbox 371 2113 420 2156; x_wconf 89' lang='lat' dir='ltr'><strong>in</strong></span> <span class='ocrx_word' id='word_1_228' title='bbox 449 2122 494 2157; x_wconf 88' lang='lat' dir='ltr'><strong>te</strong></span> <span class='ocrx_word' id='word_1_229' title='bbox 524 2114 836 2164; x_wconf 78' lang='lat' dir='ltr'><strong>statuerimus,</strong></span> <span class='ocrx_word' id='word_1_230' title='bbox 863 2115 944 2160; x_wconf 84' lang='lat' dir='ltr'><strong>tibi</strong></span> <span class='ocrx_word' id='word_1_231' title='bbox 963 2129 1143 2171; x_wconf 86' lang='lat' dir='ltr'><strong>quoque</strong></span> <span class='ocrx_word' id='word_1_232' title='bbox 1161 2113 1301 2157; x_wconf 87' lang='lat' dir='ltr'><strong>licere</strong></span> <span class='ocrx_word' id='word_1_233' title='bbox 1318 2128 1495 2156; x_wconf 85' lang='lat' dir='ltr'><strong>censeas</strong></span> 
     </span>
     <span class='ocr_line' id='line_1_29' title="bbox 121 2180 1495 2239; baseline -0.002 -15"><span class='ocrx_word' id='word_1_234' title='bbox 121 2181 317 2225; x_wconf 84' lang='lat' dir='ltr'><strong>vicissim</strong></span> <span class='ocrx_word' id='word_1_235' title='bbox 342 2181 390 2223; x_wconf 88' lang='lat' dir='ltr'><strong>in</strong></span> <span class='ocrx_word' id='word_1_236' title='bbox 415 2196 496 2223; x_wconf 87' lang='lat' dir='ltr'><strong>nos</strong></span> <span class='ocrx_word' id='word_1_237' title='bbox 516 2182 739 2225; x_wconf 78' lang='lat' dir='ltr'><strong>statuere?</strong></span> <span class='ocrx_word' id='word_1_238' title='bbox 767 2197 824 2224; x_wconf 88' lang='lat' dir='ltr'><strong>an</strong></span> <span class='ocrx_word' id='word_1_239' title='bbox 844 2181 964 2229; x_wconf 79' lang='lat' dir='ltr'><strong>forto</strong></span> <span class='ocrx_word' id='word_1_240' title='bbox 981 2182 1196 2228; x_wconf 82' lang='lat' dir='ltr'><strong>adversus</strong></span> <span class='ocrx_word' id='word_1_241' title='bbox 1212 2191 1388 2239; x_wconf 81' lang='lat' dir='ltr'><strong>patrem</strong></span> <span class='ocrx_word' id='word_1_242' title='bbox 1412 2180 1495 2224; x_wconf 84' lang='lat' dir='ltr'><strong>tibi</strong></span> 
     </span>
     <span class='ocr_line' id='line_1_30' title="bbox 122 2247 1497 2306; baseline -0.001 -14"><span class='ocrx_word' id='word_1_243' title='bbox 122 2265 214 2292; x_wconf 89' lang='lat' dir='ltr'><strong>non</strong></span> <span class='ocrx_word' id='word_1_244' title='bbox 244 2264 386 2306; x_wconf 86' lang='lat' dir='ltr'><strong>aeque</strong></span> <span class='ocrx_word' id='word_1_245' title='bbox 415 2248 578 2291; x_wconf 84' lang='lat' dir='ltr'><strong>licebat</strong></span> <span class='ocrx_word' id='word_1_246' title='bbox 605 2248 681 2292; x_wconf 72' lang='lat' dir='ltr'><strong>aut</strong></span> <span class='ocrx_word' id='word_1_247' title='bbox 711 2249 925 2292; x_wconf 80' lang='lat' dir='ltr'><strong>adversus</strong></span> <span class='ocrx_word' id='word_1_248' title='bbox 950 2248 1209 2301; x_wconf 79' lang='lat' dir='ltr'><strong>dominum,</strong></span> <span class='ocrx_word' id='word_1_249' title='bbox 1237 2249 1274 2292; x_wconf 87' lang='lat' dir='ltr'><strong>si</strong></span> <span class='ocrx_word' id='word_1_250' title='bbox 1295 2247 1392 2305; x_wconf 88' lang='lat' dir='ltr'><strong>quis</strong></span> <span class='ocrx_word' id='word_1_251' title='bbox 1411 2247 1497 2291; x_wconf 85' lang='lat' dir='ltr'><strong>tibi.</strong></span> 
     </span>
     <span class='ocr_line' id='line_1_31' title="bbox 123 2315 1494 2375; baseline -0.002 -17"><span class='ocrx_word' id='word_1_252' title='bbox 123 2326 255 2369; x_wconf 85' lang='lat' dir='ltr'><strong>esset,</strong></span> <span class='ocrx_word' id='word_1_253' title='bbox 301 2317 346 2360; x_wconf 89' lang='lat' dir='ltr'><strong>id</strong></span> <span class='ocrx_word' id='word_1_254' title='bbox 380 2315 499 2373; x_wconf 90' lang='lat' dir='ltr'><strong>quod</strong></span> <span class='ocrx_word' id='word_1_255' title='bbox 529 2324 760 2373; x_wconf 83' lang='lat' dir='ltr'><strong>paterere,</strong></span> <span class='ocrx_word' id='word_1_256' title='bbox 801 2317 998 2361; x_wconf 84' lang='lat' dir='ltr'><strong>vicissim</strong></span> <span class='ocrx_word' id='word_1_257' title='bbox 1033 2317 1306 2375; x_wconf 78' lang='lat' dir='ltr'><strong>rependere,</strong></span> <span class='ocrx_word' id='word_1_258' title='bbox 1346 2329 1494 2371; x_wconf 88' lang='lat' dir='ltr'><strong>neque</strong></span> 
     </span>
     <span class='ocr_line' id='line_1_32' title="bbox 124 2376 1493 2442; baseline -0.003 -16"><span class='ocrx_word' id='word_1_259' title='bbox 124 2384 339 2428; x_wconf 83' lang='lat' dir='ltr'><strong>conviciis</strong></span> <span class='ocrx_word' id='word_1_260' title='bbox 369 2391 554 2426; x_wconf 84' lang='lat' dir='ltr'><strong>onerato</strong></span> <span class='ocrx_word' id='word_1_261' title='bbox 585 2383 638 2425; x_wconf 83' lang='lat' dir='ltr'><strong>iis</strong></span> <span class='ocrx_word' id='word_1_262' title='bbox 663 2383 869 2439; x_wconf 88' lang='lat' dir='ltr'><strong>obloqui,</strong></span> <span class='ocrx_word' id='word_1_263' title='bbox 907 2399 1053 2442; x_wconf 86' lang='lat' dir='ltr'><strong>neque</strong></span> <span class='ocrx_word' id='word_1_264' title='bbox 1071 2376 1303 2427; x_wconf 62' lang='lat' dir='ltr'><strong>verberato</strong></span> <span class='ocrx_word' id='word_1_265' title='bbox 1327 2396 1400 2423; x_wconf 92' lang='lat' dir='ltr'><strong>eos</strong></span> <span class='ocrx_word' id='word_1_266' title='bbox 1422 2381 1493 2423; x_wconf 88' lang='lat' dir='ltr'><strong>vi-</strong></span> 
     </span>
     <span class='ocr_line' id='line_1_33' title="bbox 125 2448 1492 2508; baseline -0.004 -15"><span class='ocrx_word' id='word_1_267' title='bbox 125 2450 272 2494; x_wconf 87' lang='lat' dir='ltr'><strong>cissim</strong></span> <span class='ocrx_word' id='word_1_268' title='bbox 295 2451 537 2493; x_wconf 83' lang='lat' dir='ltr'><strong>verberare</strong></span> <span class='ocrx_word' id='word_1_269' title='bbox 556 2459 598 2495; x_wconf 85' lang='lat' dir='ltr'><strong>et</strong></span> <span class='ocrx_word' id='word_1_270' title='bbox 619 2463 732 2508; x_wconf 83' lang='lat' dir='ltr'><strong>quae</strong></span> <span class='ocrx_word' id='word_1_271' title='bbox 752 2449 838 2493; x_wconf 78' lang='lat' dir='ltr'><strong>alia</strong></span> <span class='ocrx_word' id='word_1_272' title='bbox 856 2460 958 2495; x_wconf 86' lang='lat' dir='ltr'><strong>sunt</strong></span> <span class='ocrx_word' id='word_1_273' title='bbox 975 2452 1138 2496; x_wconf 85' lang='lat' dir='ltr'><strong>similia</strong></span> <span class='ocrx_word' id='word_1_274' title='bbox 1150 2451 1307 2501; x_wconf 83' lang='lat' dir='ltr'><strong>multa,</strong></span> <span class='ocrx_word' id='word_1_275' title='bbox 1330 2448 1492 2490; x_wconf 78' lang='lat' dir='ltr'><strong>adver-</strong></span> 
     </span>
     <span class='ocr_line' id='line_1_34' title="bbox 124 2516 1492 2575; baseline -0.004 -15"><span class='ocrx_word' id='word_1_276' title='bbox 124 2534 198 2560; x_wconf 89' lang='lat' dir='ltr'><strong>sus</strong></span> <span class='ocrx_word' id='word_1_277' title='bbox 227 2517 417 2575; x_wconf 84' lang='lat' dir='ltr'><strong>patriam</strong></span> <span class='ocrx_word' id='word_1_278' title='bbox 445 2527 592 2562; x_wconf 85' lang='lat' dir='ltr'><strong>autem</strong></span> <span class='ocrx_word' id='word_1_279' title='bbox 622 2526 666 2560; x_wconf 88' lang='lat' dir='ltr'><strong>et</strong></span> <span class='ocrx_word' id='word_1_280' title='bbox 685 2517 802 2574; x_wconf 84' lang='lat' dir='ltr'><strong>leges</strong></span> <span class='ocrx_word' id='word_1_281' title='bbox 835 2519 916 2561; x_wconf 87' lang='lat' dir='ltr'><strong>tibi</strong></span> <span class='ocrx_word' id='word_1_282' title='bbox 943 2519 1091 2562; x_wconf 81' lang='lat' dir='ltr'><strong>facere</strong></span> <span class='ocrx_word' id='word_1_283' title='bbox 1126 2520 1187 2562; x_wconf 86' lang='lat' dir='ltr'><strong>ita</strong></span> <span class='ocrx_word' id='word_1_284' title='bbox 1216 2516 1389 2567; x_wconf 81' lang='lat' dir='ltr'><strong>licebit,</strong></span> <span class='ocrx_word' id='word_1_285' title='bbox 1427 2524 1492 2564; x_wconf 79' lang='lat' dir='ltr'><strong>ut,</strong></span> 
     </span>
     <span class='ocr_line' id='line_1_35' title="bbox 129 2583 1493 2635; baseline -0.001 -8"><span class='ocrx_word' id='word_1_286' title='bbox 129 2586 163 2627; x_wconf 80' lang='lat' dir='ltr'><strong>si</strong></span> <span class='ocrx_word' id='word_1_287' title='bbox 199 2600 278 2629; x_wconf 84' lang='lat' dir='ltr'><strong>nos</strong></span> <span class='ocrx_word' id='word_1_288' title='bbox 307 2583 568 2628; x_wconf 85' lang='lat' dir='ltr'><strong>interimere</strong></span> <span class='ocrx_word' id='word_1_289' title='bbox 597 2593 637 2628; x_wconf 87' lang='lat' dir='ltr'><strong>te</strong></span> <span class='ocrx_word' id='word_1_290' title='bbox 658 2592 899 2630; x_wconf 82' lang='lat' dir='ltr'><strong>statuamus</strong></span> <span class='ocrx_word' id='word_1_291' title='bbox 922 2587 1085 2630; x_wconf 82' lang='lat' dir='ltr'><strong>iustum</strong></span> <span class='ocrx_word' id='word_1_292' title='bbox 1115 2587 1161 2629; x_wconf 84' lang='lat' dir='ltr'><strong>id</strong></span> <span class='ocrx_word' id='word_1_293' title='bbox 1181 2600 1272 2631; x_wconf 84' lang='lat' dir='ltr'><strong>esse</strong></span> <span class='ocrx_word' id='word_1_294' title='bbox 1293 2583 1403 2635; x_wconf 86' lang='lat' dir='ltr'><strong>rati,</strong></span> <span class='ocrx_word' id='word_1_295' title='bbox 1446 2590 1493 2622; x_wconf 79' lang='lat' dir='ltr'><strong>tu</strong></span> 
     </span>
    </p>
   </div>
  </div>
 </body>
</html>
