1734 2872
431 143 801 192 'APOLOGIA
839 143 1186 188 ΒΟΟΒΑΤἸΒ.
1268 147 1276 153 ’
1408 149 1500 186 143

139 259 338 333 quietus.
351 275 545 328 praeter
563 282 625 311 ea
645 270 761 324 quae
788 264 844 307 ad
881 249 1258 309 existimationem
1282 258 1502 328 spectant,

138 343 276 393 cives,
316 352 400 381 nec
432 338 602 381 iustum
633 332 750 378 mihi
775 319 957 374 videtur
982 346 1075 374 esse
1097 333 1289 375 exorare
1303 327 1507 375 iudicem

136 418 213 453 aut
228 408 283 450 ab
303 412 493 450 exorato
514 399 713 452 absolvi,
744 399 821 442 sed
844 398 1006 441 docere
1024 413 1075 441 ac
1094 392 1403 456 persuadere-3
1406 412 1508 442 non

138 477 259 520 enim
291 473 358 516 ad
374 471 461 515 hoc
489 471 614 514 sedet
643 468 786 512 iudex
814 474 868 509 ut
886 466 953 509 ius
978 465 1301 524 gratificetur,
1309 465 1393 510 sed
1408 478 1509 509 rem

110 567 112 569 >
134 553 187 588 ut
213 542 404 594 iudicet,
441 546 597 597 utpote
622 537 794 600 iuratus
825 549 872 576 se
904 549 997 576 non
1018 533 1375 590 glatificaturum
1399 531 1507 585 esse,

136 612 491 687 quibuscumque
519 603 686 648 libeat
669 596 784 661 ipsi,
823 603 901 644 sed
921 601 1226 644 iudicaturum
1249 616 1308 644 ex
1325 601 1511 658 legibus.

136 679 344 738 quocirca
361 691 443 720 nec
466 674 594 717 nobis
611 672 718 715 licet
741 669 1018 713 assuefacere
1037 685 1119 712 vos
1139 668 1194 711 ad
1202 668 1330 726 peier
1331 667 1511 721 andum,

135 763 221 790 1100
242 744 370 789 vobis
387 737 816 795 assuefieri3neul'1i
837 737 957 780 enim
969 747 1176 781 nostrum
1191 736 1404 795 pietatem
1416 750 1512 778 ser-

137 822 314 858 varent.
351 827 410 856 ne
429 811 579 868 figitur
594 815 783 867 putate,
818 806 1138 859 Athenienses,
1176 819 1230 848 ea.
1255 804 1374 847 mihi
1394 801 1514 862 apud

137 898 220 926 vos
248 879 479 930 facienda,
530 892 643 935 quae
669 889 833 935 neque
847 874 1035 918 honesta
1067 889 1152 917 nec
1178 866 1311 916 iusta
1320 882 1408 915 nec
1436 870 1516 929 pia

139 964 234 992 esse
267 962 451 998 censeo,
490 960 628 1001 quum
662 943 770 985 alias
791 943 1004 994 omnino,
1038 957 1123 1000 pro
1146 928 1376 997 Iuppiter,
1414 947 1516 982 tum

137 1015 341 1061 maxime
379 1027 499 1055 nunc
542 1010 784 1068 impietatis
821 1004 1051 1052 arcessitus
1084 1007 1138 1049 ab
1168 1005 1323 1050 hocce
1331 1007 1516 1050 Melito.

138 1100 244 1127 nam
278 1082 314 1124 si
352 1078 661 1145 persuadendo
694 1086 825 1134 atque
854 1075 1084 1120 exorando
1110 1075 1208 1118 vim
1233 1073 1361 1117 vobis
1380 1072 1516 1117 affer-

137 1166 238 1195 rem
257 1149 435 1200 iuratis,
473 1155 627 1204 aperte
646 1145 854 1188 docerem
873 1160 966 1187 non
989 1142 1245 1188 statuendos
1258 1141 1389 1184 vobis*
1411 1139 1516 1182 deos

140 1233 255 1269 esse,
296 1222 341 1256 et
361 1215 496 1272 plane
519 1227 696 1256 causam
715 1212 866 1254 dicens
887 1226 1065 1255 accusa1
1068 1227 1140 1254 em
1161 1217 1332 1252 memet
1347 1208 1516 1266 ipsum,

137 1297 366 1341 tamquam
396 1281 501 1323 deos
520 1294 614 1322 non
635 1295 730 1322 esse
749 1288 995 1337 putantem.
1034 1277 1110 1320 sed
1130 1274 1307 1319 tantum
1324 1272 1448 1319 abest
1466 1283 1516 1318 ut

134 1353 184 1394 id
206 1351 406 1403 faciam,
428 1346 747 1400 Athenienses,
785 1353 836 1389 ut
862 1345 1006 1404 magis
1027 1345 1162 1388 etiam
1185 1358 1279 1386 esse
1300 1342 1406 1385 deos
1426 1358 1515 1400 pu-

137 1427 232 1462 tem
269 1433 402 1476 quam
441 1430 648 1459 meorum
685 1413 921 1471 quisquam
947 1421 1287 1467 accusatorum,
1335 1411 1516 1467 iamque

136 1487 265 1530 vobis
293 1485 509 1544 permitto
540 1498 590 1526 ac
624 1482 708 1524 deo
727 1481 927 1524 iudicare
949 1482 1004 1525 de
1021 1496 1119 1537 1110,
1134 1481 1271 1546 ῥ510111·ἵ
1290 1480 1515 1539 optimum

137 1563 234 1601 tum
252 1554 367 1600 mihi
386 1553 595 1597 futurum
615 1557 681 1594 est
697 1556 797 1593 tum
814 1548 957 1593 vobis.

252 1894 558 1950 Quamobrem
601 1894 720 1937 haud
760 1895 948 1938 moleste
983 1891 1153 1943 feram,
1202 1893 1515 1951 Athenienses,

140 1960 256 2004 hanc
277 1975 390 2016 quae
411 1961 560 2003 evenit
577 1962 935 2013 damnationem,
971 1975 1110 2016 quum
1131 1959 1242 2001 aliae
1261 1960 1375 2001 mihi
1399 1961 1518 2001 mul-

140 2037 211 2071 tae
243 2036 348 2070 sunt
376 2041 531 2069 causae
564 2036 662 2070 tum
690 2029 825 2076 haec,
862 2028 978 2084 quod
1009 2042 1102 2068 non
1127 2026 1385 2084 inopinanti
1403 2024 1520 2067 mihi

138 2095 186 2138 id
205 2094 372 2137 factum
392 2101 479 2146 est,
506 2093 583 2135 sed
602 2095 745 2137 multo
769 2095 909 2151 magis
927 2101 1223 2147 utrorumque
1244 2093 1518 2136 calculoru‘m

138 2163 286 2206 miror
313 2161 523 2205 effectum
551 2176 805 2207 numerum.
844 2176 939 2204 non
971 2160 1092 2203 enim
1119 2168 1326 2217 putaram
1345 2159 1447 2203 fore
1467 2169 1519 2203 ut

138 2236 232 2272 tam
248 2244 413 2287 parum
434 2228 693 2280 differrent,
724 2229 800 2271 sed
825 2237 872 2271 ut
890 2228 1111 2281 multum-3
1138 2243 1255 2270 nunc
1277 2237 1451 2281 autem,
1466 2228 1516 2270 >si

139 2304 230 2339 tres
249 2296 385 2339 modo
405 2297 563 2339 calculi
588 2296 718 2339 aliter
736 2296 995 2356 cecidissent
1008 2327 1019 2346 ‚
1049 2294 1239 2353 opinor,
1268 2296 1517 2345 evasissem,

140 2378 191 2404 ac
211 2364 421 2407 Melitam
449 2364 630 2421 quidem
658 2365 748 2405 iam
777 2364 936 2406 videor
969 2361 1079 2404 mihi
1115 2363 1330 2415 evasisse,
1347 2387 1350 2390 Δ
1370 2379 1517 2420 neque

141 2429 262 2471 evasi
293 2439 492 2484 tantum,
530 2430 606 2473 sed
636 2429 806 2472 nemini
835 2430 924 2472 hoo
950 2429 1138 2472 dubium
1167 2439 1233 2473 est
1262 2431 1394 2488 quin,
1429 2431 1516 2473 nisi

140 2496 319 2552 Anytus
351 2506 394 2540 et
417 2498 539 2554 Lyco
576 2498 630 2539 ad
658 2513 732 2540 me
753 2497 1046 2540 accusandum
1065 2498 1393 2550 surrexissent,
1419 2499 1518 2556 ipse

139 2564 265 2606 mine
298 2563 520 2607 drachmis
553 2565 712 2608 fuisset
741 2565 976 2619 multatus,
1009 2565 1178 2624 quippe
1212 2566 1288 2622 qni
1312 2566 1515 2623 quintam

141 2630 416 2675 calculorum
435 2641 611 2690 partem
629 2648 721 2675 non
742 2632 921 2677 tulisset.
