<?xml version="1.0" encoding="UTF-8"?>
<!DOCTYPE html PUBLIC "-//W3C//DTD XHTML 1.0 Transitional//EN"
    "http://www.w3.org/TR/xhtml1/DTD/xhtml1-transitional.dtd">
<html xmlns="http://www.w3.org/1999/xhtml" xml:lang="en" lang="en">
 <head>
  <title>
</title>
<meta http-equiv="Content-Type" content="text/html;charset=utf-8" />
  <meta name='ocr-system' content='tesseract 3.04.00' />
  <meta name='ocr-capabilities' content='ocr_page ocr_carea ocr_par ocr_line ocrx_word'/>
</head>
<body>
  <div class='ocr_page' id='page_1' title='image "./quaeexstantopera08platuoft_0373.png"; bbox 0 0 1734 2872; ppageno 0'>
   <div class='ocr_carea' id='block_1_1' title="bbox 501 124 1411 200">
    <p class='ocr_par' dir='ltr' id='par_1_1' title="bbox 501 124 1411 200">
     <span class='ocr_line' id='line_1_1' title="bbox 501 124 1411 200; baseline -0.012 0"><span class='ocrx_word' id='word_1_1' title='bbox 501 124 952 200; x_wconf 65' lang='lat' dir='ltr'><strong>RIVALns</strong></span> <span class='ocrx_word' id='word_1_2' title='bbox 1308 157 1411 198; x_wconf 43' lang='lat' dir='ltr'><strong>affl</strong></span> 
     </span>
    </p>
   </div>
   <div class='ocr_carea' id='block_1_2' title="bbox 0 0 54 2872">
    <p class='ocr_par' dir='ltr' id='par_1_2' title="bbox 0 0 54 2872">
     <span class='ocr_line' id='line_1_2' title="bbox 0 0 54 2872; baseline 0 0"><span class='ocrx_word' id='word_1_3' title='bbox 0 0 54 2872; x_wconf 95' lang='lat' dir='ltr'><strong> </strong></span> 
     </span>
    </p>
   </div>
   <div class='ocr_carea' id='block_1_3' title="bbox 16 268 1423 679">
    <p class='ocr_par' dir='ltr' id='par_1_3' title="bbox 16 268 1423 679">
     <span class='ocr_line' id='line_1_3' title="bbox 35 268 1418 349; baseline -0.01 -22"><span class='ocrx_word' id='word_1_4' title='bbox 35 279 235 342; x_wconf 76' lang='lat' dir='ltr'><strong>.a¹gendi‚·</strong></span> <span class='ocrx_word' id='word_1_5' title='bbox 265 279 342 325; x_wconf 84' lang='lat' dir='ltr'><strong>ille</strong></span> <span class='ocrx_word' id='word_1_6' title='bbox 362 292 472 323; x_wconf 86' lang='lat' dir='ltr'><strong>vero</strong></span> <span class='ocrx_word' id='word_1_7' title='bbox 506 277 581 336; x_wconf 84' lang='lat' dir='ltr'><strong>qui</strong></span> <span class='ocrx_word' id='word_1_8' title='bbox 601 273 921 349; x_wconf 78' lang='lat' dir='ltr'><strong>sapientiorem</strong></span> <span class='ocrx_word' id='word_1_9' title='bbox 939 286 987 315; x_wconf 83' lang='lat' dir='ltr'><strong>se</strong></span> <span class='ocrx_word' id='word_1_10' title='bbox 1012 285 1105 316; x_wconf 85' lang='lat' dir='ltr'><strong>esse</strong></span> <span class='ocrx_word' id='word_1_11' title='bbox 1123 268 1418 330; x_wconf 60' lang='lat' dir='ltr'><strong>profitebatur.</strong></span> 
     </span>
     <span class='ocr_line' id='line_1_4' title="bbox 47 339 1416 406; baseline -0.01 -12"><span class='ocrx_word' id='word_1_12' title='bbox 47 347 382 406; x_wconf 71' lang='lat' dir='ltr'><strong>interrogandus</strong></span> <span class='ocrx_word' id='word_1_13' title='bbox 405 360 513 397; x_wconf 80' lang='lat' dir='ltr'><strong>esse,</strong></span> <span class='ocrx_word' id='word_1_14' title='bbox 541 352 592 387; x_wconf 81' lang='lat' dir='ltr'><strong>ut.</strong></span> <span class='ocrx_word' id='word_1_15' title='bbox 612 343 763 393; x_wconf 86' lang='lat' dir='ltr'><strong>etiam,</strong></span> <span class='ocrx_word' id='word_1_16' title='bbox 790 341 826 383; x_wconf 83' lang='lat' dir='ltr'><strong>si</strong></span> <span class='ocrx_word' id='word_1_17' title='bbox 848 355 1040 398; x_wconf 86' lang='lat' dir='ltr'><strong>possem,</strong></span> <span class='ocrx_word' id='word_1_18' title='bbox 1062 339 1116 381; x_wconf 86' lang='lat' dir='ltr'><strong>ab</strong></span> <span class='ocrx_word' id='word_1_19' title='bbox 1138 356 1191 382; x_wconf 86' lang='lat' dir='ltr'><strong>eo</strong></span> <span class='ocrx_word' id='word_1_20' title='bbox 1221 340 1416 398; x_wconf 60' lang='lat' dir='ltr'><strong>iuvaret.</strong></span> 
     </span>
     <span class='ocr_line' id='line_1_5' title="bbox 35 406 1420 474; baseline -0.009 -12"><span class='ocrx_word' id='word_1_21' title='bbox 35 418 144 462; x_wconf 64' lang='lat' dir='ltr'><strong>‘dixi</strong></span> <span class='ocrx_word' id='word_1_22' title='bbox 167 418 318 474; x_wconf 78' lang='lat' dir='ltr'><strong>igitur.</strong></span> <span class='ocrx_word' id='word_1_23' title='bbox 377 415 428 456; x_wconf 86' lang='lat' dir='ltr'><strong>Iu</strong></span> <span class='ocrx_word' id='word_1_24' title='bbox 449 424 687 454; x_wconf 85' lang='lat' dir='ltr'><strong>commune</strong></span> <span class='ocrx_word' id='word_1_25' title='bbox 715 409 1019 466; x_wconf 82' lang='lat' dir='ltr'><strong>quaestionem</strong></span> <span class='ocrx_word' id='word_1_26' title='bbox 1039 406 1164 449; x_wconf 87' lang='lat' dir='ltr'><strong>hanc</strong></span> <span class='ocrx_word' id='word_1_27' title='bbox 1173 422 1228 464; x_wconf 80' lang='lat' dir='ltr'><strong>pl</strong></span> <span class='ocrx_word' id='word_1_28' title='bbox 1231 408 1420 464; x_wconf 74' lang='lat' dir='ltr'><strong>oposui.;</strong></span> 
     </span>
     <span class='ocr_line' id='line_1_6' title="bbox 47 473 1423 539; baseline -0.007 -11"><span class='ocrx_word' id='word_1_29' title='bbox 47 486 86 529; x_wconf 79' lang='lat' dir='ltr'><strong>si</strong></span> <span class='ocrx_word' id='word_1_30' title='bbox 114 493 261 527; x_wconf 77' lang='lat' dir='ltr'><strong>autem</strong></span> <span class='ocrx_word' id='word_1_31' title='bbox 290 490 340 524; x_wconf 85' lang='lat' dir='ltr'><strong>tu</strong></span> <span class='ocrx_word' id='word_1_32' title='bbox 373 489 498 539; x_wconf 85' lang='lat' dir='ltr'><strong>putas</strong></span> <span class='ocrx_word' id='word_1_33' title='bbox 526 477 687 521; x_wconf 80' lang='lat' dir='ltr'><strong>melius</strong></span> <span class='ocrx_word' id='word_1_34' title='bbox 720 484 764 520; x_wconf 83' lang='lat' dir='ltr'><strong>te</strong></span> <span class='ocrx_word' id='word_1_35' title='bbox 800 490 939 532; x_wconf 84' lang='lat' dir='ltr'><strong>quam</strong></span> <span class='ocrx_word' id='word_1_36' title='bbox 951 473 1072 523; x_wconf 85' lang='lat' dir='ltr'><strong>hunc</strong></span> <span class='ocrx_word' id='word_1_37' title='bbox 1095 489 1423 531; x_wconf 81' lang='lat' dir='ltr'><strong>responsurum.</strong></span> 
     </span>
     <span class='ocr_line' id='line_1_7' title="bbox 49 542 1420 604; baseline -0.006 -9"><span class='ocrx_word' id='word_1_38' title='bbox 49 566 169 602; x_wconf 79' lang='lat' dir='ltr'><strong>esse,</strong></span> <span class='ocrx_word' id='word_1_39' title='bbox 207 559 250 594; x_wconf 84' lang='lat' dir='ltr'><strong>te</strong></span> <span class='ocrx_word' id='word_1_40' title='bbox 283 549 510 604; x_wconf 75' lang='lat' dir='ltr'><strong>imm-rogo</strong></span> <span class='ocrx_word' id='word_1_41' title='bbox 538 545 660 588; x_wconf 87' lang='lat' dir='ltr'><strong>idem</strong></span> <span class='ocrx_word' id='word_1_42' title='bbox 689 543 807 602; x_wconf 89' lang='lat' dir='ltr'><strong>quod</strong></span> <span class='ocrx_word' id='word_1_43' title='bbox 836 543 982 595; x_wconf 85' lang='lat' dir='ltr'><strong>huno,</strong></span> <span class='ocrx_word' id='word_1_44' title='bbox 1023 557 1080 586; x_wconf 89' lang='lat' dir='ltr'><strong>au</strong></span> <span class='ocrx_word' id='word_1_45' title='bbox 1109 542 1315 587; x_wconf 83' lang='lat' dir='ltr'><strong>videatur</strong></span> <span class='ocrx_word' id='word_1_46' title='bbox 1332 542 1420 587; x_wconf 74' lang='lat' dir='ltr'><strong>tibi</strong></span> 
     </span>
     <span class='ocr_line' id='line_1_8' title="bbox 16 614 904 679; baseline -0.011 -17"><span class='ocrx_word' id='word_1_47' title='bbox 16 651 17 655; x_wconf 66' lang='lat'>,</span> <span class='ocrx_word' id='word_1_48' title='bbox 47 617 355 679; x_wconf 66' lang='lat' dir='ltr'><strong>philosophati</strong></span> <span class='ocrx_word' id='word_1_49' title='bbox 373 614 639 676; x_wconf 87' lang='lat' dir='ltr'><strong>pulchrum</strong></span> <span class='ocrx_word' id='word_1_50' title='bbox 638 627 731 655; x_wconf 91' lang='lat' dir='ltr'><strong>esse</strong></span> <span class='ocrx_word' id='word_1_51' title='bbox 748 624 904 654; x_wconf 87' lang='lat' dir='ltr'><strong>necne.</strong></span> 
     </span>
    </p>
   </div>
   <div class='ocr_carea' id='block_1_4' title="bbox 15 761 1465 2655">
    <p class='ocr_par' dir='ltr' id='par_1_4' title="bbox 15 761 1465 2655">
     <span class='ocr_line' id='line_1_9' title="bbox 162 761 1422 830; baseline -0.005 -11"><span class='ocrx_word' id='word_1_52' title='bbox 162 776 282 819; x_wconf 80' lang='lat' dir='ltr'><strong>Haec.</strong></span> <span class='ocrx_word' id='word_1_53' title='bbox 304 761 400 819; x_wconf 79' lang='lat' dir='ltr'><strong>fere</strong></span> <span class='ocrx_word' id='word_1_54' title='bbox 421 787 559 830; x_wconf 88' lang='lat' dir='ltr'><strong>quum</strong></span> <span class='ocrx_word' id='word_1_55' title='bbox 581 784 664 814; x_wconf 87' lang='lat' dir='ltr'><strong>nos</strong></span> <span class='ocrx_word' id='word_1_56' title='bbox 686 767 880 814; x_wconf 84' lang='lat' dir='ltr'><strong>dicentes</strong></span> <span class='ocrx_word' id='word_1_57' title='bbox 902 765 1198 814; x_wconf 76' lang='lat' dir='ltr'><strong>adolescentes</strong></span> <span class='ocrx_word' id='word_1_58' title='bbox 1215 770 1422 813; x_wconf 83' lang='lat' dir='ltr'><strong>audirent</strong></span> 
     </span>
     <span class='ocr_line' id='line_1_10' title="bbox 47 838 1420 900; baseline -0.004 -14"><span class='ocrx_word' id='word_1_59' title='bbox 47 847 287 886; x_wconf 68' lang='lat' dir='ltr'><strong>tacuerunt</strong></span> <span class='ocrx_word' id='word_1_60' title='bbox 322 852 366 886; x_wconf 89' lang='lat' dir='ltr'><strong>et</strong></span> <span class='ocrx_word' id='word_1_61' title='bbox 390 842 566 900; x_wconf 78' lang='lat' dir='ltr'><strong>litigare</strong></span> <span class='ocrx_word' id='word_1_62' title='bbox 594 840 852 882; x_wconf 81' lang='lat' dir='ltr'><strong>desistentes</strong></span> <span class='ocrx_word' id='word_1_63' title='bbox 877 838 1100 880; x_wconf 73' lang='lat' dir='ltr'><strong>auditores</strong></span> <span class='ocrx_word' id='word_1_64' title='bbox 1116 839 1260 882; x_wconf 79' lang='lat' dir='ltr'><strong>nostri</strong></span> <span class='ocrx_word' id='word_1_65' title='bbox 1279 839 1420 882; x_wconf 53' lang='lat' dir='ltr'><strong>exsti»</strong></span> 
     </span>
     <span class='ocr_line' id='line_1_11' title="bbox 50 905 1423 967; baseline -0.004 -14"><span class='ocrx_word' id='word_1_66' title='bbox 50 916 219 954; x_wconf 82' lang='lat' dir='ltr'><strong>terunt.</strong></span> <span class='ocrx_word' id='word_1_67' title='bbox 258 924 306 953; x_wconf 89' lang='lat' dir='ltr'><strong>ac</strong></span> <span class='ocrx_word' id='word_1_68' title='bbox 337 909 559 967; x_wconf 88' lang='lat' dir='ltr'><strong>quomodo</strong></span> <span class='ocrx_word' id='word_1_69' title='bbox 589 915 807 949; x_wconf 81' lang='lat' dir='ltr'><strong>amatores</strong></span> <span class='ocrx_word' id='word_1_70' title='bbox 840 905 986 948; x_wconf 83' lang='lat' dir='ltr'><strong>affecti</strong></span> <span class='ocrx_word' id='word_1_71' title='bbox 1021 905 1215 957; x_wconf 84' lang='lat' dir='ltr'><strong>fuerint,</strong></span> <span class='ocrx_word' id='word_1_72' title='bbox 1247 907 1423 959; x_wconf 68' lang='lat' dir='ltr'><strong>nescio,</strong></span> 
     </span>
     <span class='ocr_line' id='line_1_12' title="bbox 16 971 1426 1036; baseline -0.004 -16"><span class='ocrx_word' id='word_1_73' title='bbox 16 994 17 998; x_wconf 52' lang='lat'>¹</span> <span class='ocrx_word' id='word_1_74' title='bbox 51 978 150 1036; x_wconf 85' lang='lat' dir='ltr'><strong>ipse</strong></span> <span class='ocrx_word' id='word_1_75' title='bbox 180 987 288 1020; x_wconf 84' lang='lat' dir='ltr'><strong>vero</strong></span> <span class='ocrx_word' id='word_1_76' title='bbox 321 992 560 1035; x_wconf 84' lang='lat' dir='ltr'><strong>percussus</strong></span> <span class='ocrx_word' id='word_1_77' title='bbox 589 971 739 1026; x_wconf 51' lang='lat' dir='ltr'><strong>er&#39;am3</strong></span> <span class='ocrx_word' id='word_1_78' title='bbox 777 988 956 1030; x_wconf 82' lang='lat' dir='ltr'><strong>semper</strong></span> <span class='ocrx_word' id='word_1_79' title='bbox 977 975 1099 1015; x_wconf 78' lang='lat' dir='ltr'><strong>enim</strong></span> <span class='ocrx_word' id='word_1_80' title='bbox 1121 973 1215 1015; x_wconf 85' lang='lat' dir='ltr'><strong>fere</strong></span> <span class='ocrx_word' id='word_1_81' title='bbox 1237 973 1426 1016; x_wconf 66' lang='lat' dir='ltr'><strong>iuvenes</strong></span> 
     </span>
     <span class='ocr_line' id='line_1_13' title="bbox 53 1041 1427 1104; baseline -0.002 -17"><span class='ocrx_word' id='word_1_82' title='bbox 53 1059 103 1087; x_wconf 88' lang='lat' dir='ltr'><strong>ac</strong></span> <span class='ocrx_word' id='word_1_83' title='bbox 122 1042 301 1104; x_wconf 81' lang='lat' dir='ltr'>pulchri</span> <span class='ocrx_word' id='word_1_84' title='bbox 326 1045 527 1086; x_wconf 88' lang='lat' dir='ltr'><strong>animum</strong></span> <span class='ocrx_word' id='word_1_85' title='bbox 550 1056 703 1085; x_wconf 88' lang='lat' dir='ltr'><strong>meum</strong></span> <span class='ocrx_word' id='word_1_86' title='bbox 724 1041 996 1098; x_wconf 81' lang='lat' dir='ltr'><strong>percutiunt.</strong></span> <span class='ocrx_word' id='word_1_87' title='bbox 1022 1041 1258 1084; x_wconf 83' lang='lat' dir='ltr'><strong>videbatur</strong></span> <span class='ocrx_word' id='word_1_88' title='bbox 1273 1047 1427 1084; x_wconf 71' lang='lat' dir='ltr'><strong>autem</strong></span> 
     </span>
     <span class='ocr_line' id='line_1_14' title="bbox 54 1112 1427 1167; baseline -0.004 -13"><span class='ocrx_word' id='word_1_89' title='bbox 54 1113 166 1155; x_wconf 83' lang='lat' dir='ltr'><strong>alter</strong></span> <span class='ocrx_word' id='word_1_90' title='bbox 198 1123 290 1154; x_wconf 87' lang='lat' dir='ltr'><strong>non</strong></span> <span class='ocrx_word' id='word_1_91' title='bbox 324 1113 474 1154; x_wconf 80' lang='lat' dir='ltr'><strong>minus</strong></span> <span class='ocrx_word' id='word_1_92' title='bbox 511 1125 645 1167; x_wconf 88' lang='lat' dir='ltr'><strong>quam</strong></span> <span class='ocrx_word' id='word_1_93' title='bbox 665 1124 744 1165; x_wconf 91' lang='lat' dir='ltr'><strong>ego</strong></span> <span class='ocrx_word' id='word_1_94' title='bbox 767 1116 992 1161; x_wconf 83' lang='lat' dir='ltr'><strong>aestuare3</strong></span> <span class='ocrx_word' id='word_1_95' title='bbox 1018 1112 1330 1151; x_wconf 74' lang='lat' dir='ltr'><strong>verumtamen</strong></span> <span class='ocrx_word' id='word_1_96' title='bbox 1349 1113 1427 1160; x_wconf 69' lang='lat' dir='ltr'><strong>re*-</strong></span> 
     </span>
     <span class='ocr_line' id='line_1_15' title="bbox 53 1175 1427 1238; baseline -0.004 -16"><span class='ocrx_word' id='word_1_97' title='bbox 53 1180 298 1238; x_wconf 78' lang='lat' dir='ltr'><strong>spondebat</strong></span> <span class='ocrx_word' id='word_1_98' title='bbox 337 1179 450 1222; x_wconf 86' lang='lat' dir='ltr'><strong>mihi</strong></span> <span class='ocrx_word' id='word_1_99' title='bbox 487 1178 728 1221; x_wconf 85' lang='lat' dir='ltr'><strong>admodum</strong></span> <span class='ocrx_word' id='word_1_100' title='bbox 769 1176 1011 1222; x_wconf 80' lang='lat' dir='ltr'><strong>ambitiose.</strong></span> <span class='ocrx_word' id='word_1_101' title='bbox 1079 1175 1271 1234; x_wconf 84' lang='lat' dir='ltr'><strong>Quando</strong></span> <span class='ocrx_word' id='word_1_102' title='bbox 1298 1187 1427 1236; x_wconf 75' lang='lat' dir='ltr'><strong>vero,</strong></span> 
     </span>
     <span class='ocr_line' id='line_1_16' title="bbox 15 1243 1425 1306; baseline -0.004 -16"><span class='ocrx_word' id='word_1_103' title='bbox 15 1253 17 1256; x_wconf 54' lang='lat'><em>⁴</em></span> <span class='ocrx_word' id='word_1_104' title='bbox 51 1247 222 1306; x_wconf 85' lang='lat' dir='ltr'><strong>inquit,</strong></span> <span class='ocrx_word' id='word_1_105' title='bbox 264 1246 471 1296; x_wconf 79' lang='lat' dir='ltr'><strong>Socrate,</strong></span> <span class='ocrx_word' id='word_1_106' title='bbox 515 1243 825 1303; x_wconf 86' lang='lat' dir='ltr'><strong>philosophari</strong></span> <span class='ocrx_word' id='word_1_107' title='bbox 862 1252 995 1301; x_wconf 83' lang='lat' dir='ltr'><strong>turpe</strong></span> <span class='ocrx_word' id='word_1_108' title='bbox 1034 1256 1263 1287; x_wconf 83' lang='lat' dir='ltr'><strong>censerem</strong></span> <span class='ocrx_word' id='word_1_109' title='bbox 1316 1256 1425 1295; x_wconf 60' lang='lat' dir='ltr'><strong>esseg,</strong></span> 
     </span>
     <span class='ocr_line' id='line_1_17' title="bbox 15 1311 1428 1367; baseline -0.002 -12"><span class='ocrx_word' id='word_1_110' title='bbox 15 1313 18 1355; x_wconf 75' lang='grc' dir='ltr'><em>ἶ</em></span> <span class='ocrx_word' id='word_1_111' title='bbox 53 1327 136 1358; x_wconf 83' lang='lat' dir='ltr'><strong>nec</strong></span> <span class='ocrx_word' id='word_1_112' title='bbox 163 1314 394 1357; x_wconf 86' lang='lat' dir='ltr'><strong>hominem</strong></span> <span class='ocrx_word' id='word_1_113' title='bbox 425 1313 734 1355; x_wconf 77' lang='lat' dir='ltr'><strong>existimarem</strong></span> <span class='ocrx_word' id='word_1_114' title='bbox 759 1325 834 1354; x_wconf 88' lang='lat' dir='ltr'><strong>me</strong></span> <span class='ocrx_word' id='word_1_115' title='bbox 861 1324 980 1362; x_wconf 78' lang='lat' dir='ltr'><strong>esse,</strong></span> <span class='ocrx_word' id='word_1_116' title='bbox 1021 1325 1164 1367; x_wconf 84' lang='lat' dir='ltr'><strong>neque</strong></span> <span class='ocrx_word' id='word_1_117' title='bbox 1191 1311 1330 1352; x_wconf 86' lang='lat' dir='ltr'><strong>alium</strong></span> <span class='ocrx_word' id='word_1_118' title='bbox 1364 1311 1428 1354; x_wconf 87' lang='lat' dir='ltr'><strong>ita</strong></span> 
     </span>
     <span class='ocr_line' id='line_1_18' title="bbox 55 1378 1427 1437; baseline -0.004 -11"><span class='ocrx_word' id='word_1_119' title='bbox 55 1383 329 1434; x_wconf 75' lang='lat' dir='ltr'><strong>animatum,</strong></span> <span class='ocrx_word' id='word_1_120' title='bbox 379 1380 517 1437; x_wconf 87' lang='lat' dir='ltr'><strong>digito</strong></span> <span class='ocrx_word' id='word_1_121' title='bbox 545 1387 795 1423; x_wconf 85' lang='lat' dir='ltr'><strong>monstrans</strong></span> <span class='ocrx_word' id='word_1_122' title='bbox 827 1378 1018 1420; x_wconf 76' lang='lat' dir='ltr'><strong>rivalem</strong></span> <span class='ocrx_word' id='word_1_123' title='bbox 1049 1386 1094 1421; x_wconf 88' lang='lat' dir='ltr'><strong>et</strong></span> <span class='ocrx_word' id='word_1_124' title='bbox 1122 1385 1282 1435; x_wconf 81' lang='lat' dir='ltr'><strong>magna</strong></span> <span class='ocrx_word' id='word_1_125' title='bbox 1314 1393 1427 1421; x_wconf 85' lang='lat' dir='ltr'><strong>voce</strong></span> 
     </span>
     <span class='ocr_line' id='line_1_19' title="bbox 16 1445 1426 1508; baseline -0.003 -15"><span class='ocrx_word' id='word_1_126' title='bbox 16 1455 18 1462; x_wconf 82' lang='lat'><em>&#39;</em></span> <span class='ocrx_word' id='word_1_127' title='bbox 53 1450 267 1508; x_wconf 74' lang='lat' dir='ltr'><strong>loquens,</strong></span> <span class='ocrx_word' id='word_1_128' title='bbox 312 1456 364 1492; x_wconf 87' lang='lat' dir='ltr'><strong>ut</strong></span> <span class='ocrx_word' id='word_1_129' title='bbox 403 1453 520 1507; x_wconf 86' lang='lat' dir='ltr'><strong>puer</strong></span> <span class='ocrx_word' id='word_1_130' title='bbox 547 1447 734 1490; x_wconf 90' lang='lat' dir='ltr'><strong>dilectus</strong></span> <span class='ocrx_word' id='word_1_131' title='bbox 768 1460 872 1488; x_wconf 87' lang='lat' dir='ltr'><strong>eum</strong></span> <span class='ocrx_word' id='word_1_132' title='bbox 905 1445 1093 1488; x_wconf 80' lang='lat' dir='ltr'><strong>audiret.</strong></span> <span class='ocrx_word' id='word_1_133' title='bbox 1159 1446 1309 1503; x_wconf 84' lang='lat' dir='ltr'><strong>Atque</strong></span> <span class='ocrx_word' id='word_1_134' title='bbox 1342 1446 1426 1504; x_wconf 77' lang='lat' dir='ltr'><strong>ego</strong></span> 
     </span>
     <span class='ocr_line' id='line_1_20' title="bbox 55 1514 1429 1575; baseline -0.004 -14"><span class='ocrx_word' id='word_1_135' title='bbox 55 1518 301 1562; x_wconf 85' lang='lat' dir='ltr'><strong>Pulchrum</strong></span> <span class='ocrx_word' id='word_1_136' title='bbox 344 1532 494 1575; x_wconf 88' lang='lat' dir='ltr'><strong>ergo,.</strong></span> <span class='ocrx_word' id='word_1_137' title='bbox 519 1516 728 1572; x_wconf 84' lang='lat' dir='ltr'><strong>inquam,</strong></span> <span class='ocrx_word' id='word_1_138' title='bbox 765 1514 947 1557; x_wconf 86' lang='lat' dir='ltr'><strong>videtur</strong></span> <span class='ocrx_word' id='word_1_139' title='bbox 976 1514 1057 1557; x_wconf 86' lang='lat' dir='ltr'><strong>tibi</strong></span> <span class='ocrx_word' id='word_1_140' title='bbox 1085 1514 1429 1572; x_wconf 78' lang='lat' dir='ltr'><strong>philosophari?</strong></span> 
     </span>
     <span class='ocr_line' id='line_1_21' title="bbox 55 1581 1434 1643; baseline -0.004 -14"><span class='ocrx_word' id='word_1_141' title='bbox 55 1585 173 1630; x_wconf 85' lang='lat' dir='ltr'><strong>Sane</strong></span> <span class='ocrx_word' id='word_1_142' title='bbox 190 1587 397 1643; x_wconf 81' lang='lat' dir='ltr'><strong>quidem,</strong></span> <span class='ocrx_word' id='word_1_143' title='bbox 425 1583 588 1641; x_wconf 86' lang='lat' dir='ltr'><strong>inquit.</strong></span> <span class='ocrx_word' id='word_1_144' title='bbox 628 1582 750 1639; x_wconf 86' lang='lat' dir='ltr'><strong>Quid</strong></span> <span class='ocrx_word' id='word_1_145' title='bbox 767 1582 941 1639; x_wconf 81' lang='lat' dir='ltr'><strong>igitur?</strong></span> <span class='ocrx_word' id='word_1_146' title='bbox 965 1581 1162 1638; x_wconf 85' lang='lat' dir='ltr'><strong>inquam.</strong></span> <span class='ocrx_word' id='word_1_147' title='bbox 1189 1582 1434 1625; x_wconf 75' lang='lat' dir='ltr'><strong>videturne</strong></span> 
     </span>
     <span class='ocr_line' id='line_1_22' title="bbox 56 1649 1465 1710; baseline -0.004 -13"><span class='ocrx_word' id='word_1_148' title='bbox 56 1654 145 1697; x_wconf 72' lang='lat' dir='ltr'><strong>tibi</strong></span> <span class='ocrx_word' id='word_1_149' title='bbox 173 1654 272 1697; x_wconf 91' lang='lat' dir='ltr'><strong>fieri</strong></span> <span class='ocrx_word' id='word_1_150' title='bbox 307 1667 434 1710; x_wconf 86' lang='lat' dir='ltr'><strong>posse</strong></span> <span class='ocrx_word' id='word_1_151' title='bbox 465 1660 516 1694; x_wconf 83' lang='lat' dir='ltr'><strong>ut</strong></span> <span class='ocrx_word' id='word_1_152' title='bbox 547 1650 776 1707; x_wconf 86' lang='lat' dir='ltr'><strong>quisquam</strong></span> <span class='ocrx_word' id='word_1_153' title='bbox 806 1663 904 1690; x_wconf 88' lang='lat' dir='ltr'><strong>rem</strong></span> <span class='ocrx_word' id='word_1_154' title='bbox 932 1649 1175 1704; x_wconf 83' lang='lat' dir='ltr'><strong>quamlibet</strong></span> <span class='ocrx_word' id='word_1_155' title='bbox 1195 1657 1430 1705; x_wconf 84' lang='lat' dir='ltr'><strong>cognoscat</strong></span> <span class='ocrx_word' id='word_1_156' title='bbox 1462 1681 1465 1684; x_wconf 59' lang='grc'><em>»</em></span> 
     </span>
     <span class='ocr_line' id='line_1_23' title="bbox 57 1715 1428 1778; baseline -0.004 -15"><span class='ocrx_word' id='word_1_157' title='bbox 57 1729 209 1763; x_wconf 81' lang='lat' dir='ltr'><strong>utrum</strong></span> <span class='ocrx_word' id='word_1_158' title='bbox 227 1720 417 1778; x_wconf 81' lang='lat' dir='ltr'><strong>pulchra</strong></span> <span class='ocrx_word' id='word_1_159' title='bbox 443 1720 497 1762; x_wconf 89' lang='lat' dir='ltr'><strong>sit</strong></span> <span class='ocrx_word' id='word_1_160' title='bbox 517 1734 572 1760; x_wconf 86' lang='lat' dir='ltr'><strong>an</strong></span> <span class='ocrx_word' id='word_1_161' title='bbox 596 1717 740 1774; x_wconf 86' lang='lat' dir='ltr'><strong>turpis</strong></span> <span class='ocrx_word' id='word_1_162' title='bbox 761 1716 798 1758; x_wconf 86' lang='lat' dir='ltr'><strong>si</strong></span> <span class='ocrx_word' id='word_1_163' title='bbox 818 1715 1002 1757; x_wconf 83' lang='lat' dir='ltr'><strong>omnino</strong></span> <span class='ocrx_word' id='word_1_164' title='bbox 1023 1717 1190 1759; x_wconf 82' lang='lat' dir='ltr'><strong>nesciat</strong></span> <span class='ocrx_word' id='word_1_165' title='bbox 1210 1732 1322 1773; x_wconf 86' lang='lat' dir='ltr'><strong>quae</strong></span> <span class='ocrx_word' id='word_1_166' title='bbox 1339 1717 1428 1759; x_wconf 76' lang='lat' dir='ltr'><strong>sit?</strong></span> 
     </span>
     <span class='ocr_line' id='line_1_24' title="bbox 57 1783 1430 1844; baseline -0.005 -13"><span class='ocrx_word' id='word_1_167' title='bbox 57 1787 274 1838; x_wconf 90' lang='lat' dir='ltr'><strong>Minime,</strong></span> <span class='ocrx_word' id='word_1_168' title='bbox 296 1787 455 1844; x_wconf 61' lang='lat' dir='ltr'><strong>inquiu</strong></span> <span class='ocrx_word' id='word_1_169' title='bbox 511 1785 637 1829; x_wconf 80' lang='lat' dir='ltr'><strong>Nosti</strong></span> <span class='ocrx_word' id='word_1_170' title='bbox 663 1783 826 1841; x_wconf 82' lang='lat' dir='ltr'><strong>igitur,</strong></span> <span class='ocrx_word' id='word_1_171' title='bbox 863 1783 1074 1840; x_wconf 86' lang='lat' dir='ltr'><strong>inquam,</strong></span> <span class='ocrx_word' id='word_1_172' title='bbox 1105 1784 1211 1840; x_wconf 83' lang='lat' dir='ltr'><strong>quid</strong></span> <span class='ocrx_word' id='word_1_173' title='bbox 1240 1785 1299 1826; x_wconf 84' lang='lat' dir='ltr'><strong>sit</strong></span> <span class='ocrx_word' id='word_1_174' title='bbox 1321 1783 1430 1840; x_wconf 72' lang='lat' dir='ltr'><strong>phi-</strong></span> 
     </span>
     <span class='ocr_line' id='line_1_25' title="bbox 58 1849 1428 1911; baseline -0.001 -14"><span class='ocrx_word' id='word_1_175' title='bbox 58 1855 319 1911; x_wconf 73' lang='lat' dir='ltr'><strong>Iosophari?</strong></span> <span class='ocrx_word' id='word_1_176' title='bbox 375 1855 544 1906; x_wconf 81' lang='lat' dir='ltr'><strong>Etiam,</strong></span> <span class='ocrx_word' id='word_1_177' title='bbox 582 1853 743 1909; x_wconf 87' lang='lat' dir='ltr'><strong>inquit.</strong></span> <span class='ocrx_word' id='word_1_178' title='bbox 801 1851 923 1909; x_wconf 88' lang='lat' dir='ltr'><strong>Quid</strong></span> <span class='ocrx_word' id='word_1_179' title='bbox 957 1865 1066 1893; x_wconf 86' lang='lat' dir='ltr'><strong>vero</strong></span> <span class='ocrx_word' id='word_1_180' title='bbox 1091 1852 1192 1894; x_wconf 31' lang='lat' dir='ltr'><strong>vest?</strong></span> <span class='ocrx_word' id='word_1_181' title='bbox 1229 1849 1428 1908; x_wconf 81' lang='lat' dir='ltr'><strong>inquam.</strong></span> 
     </span>
     <span class='ocr_line' id='line_1_26' title="bbox 60 1919 1431 1979; baseline -0.001 -16"><span class='ocrx_word' id='word_1_182' title='bbox 60 1922 185 1979; x_wconf 85' lang='lat' dir='ltr'><strong>Quid</strong></span> <span class='ocrx_word' id='word_1_183' title='bbox 214 1920 335 1963; x_wconf 86' lang='lat' dir='ltr'><strong>aliud</strong></span> <span class='ocrx_word' id='word_1_184' title='bbox 367 1936 499 1978; x_wconf 89' lang='lat' dir='ltr'><strong>quam</strong></span> <span class='ocrx_word' id='word_1_185' title='bbox 530 1921 647 1977; x_wconf 87' lang='lat' dir='ltr'><strong>quod</strong></span> <span class='ocrx_word' id='word_1_186' title='bbox 676 1920 814 1963; x_wconf 88' lang='lat' dir='ltr'><strong>Solon</strong></span> <span class='ocrx_word' id='word_1_187' title='bbox 847 1919 993 1962; x_wconf 80' lang='lat' dir='ltr'><strong>dixit?</strong></span> <span class='ocrx_word' id='word_1_188' title='bbox 1043 1920 1182 1963; x_wconf 91' lang='lat' dir='ltr'><strong>Solon</strong></span> <span class='ocrx_word' id='word_1_189' title='bbox 1217 1920 1338 1962; x_wconf 88' lang='lat' dir='ltr'><strong>enim</strong></span> <span class='ocrx_word' id='word_1_190' title='bbox 1368 1920 1431 1961; x_wconf 79' lang='lat' dir='ltr'><strong>ait</strong></span> 
     </span>
     <span class='ocr_line' id='line_1_27' title="bbox 60 1985 1430 2046; baseline -0.004 -13"><span class='ocrx_word' id='word_1_191' title='bbox 60 1990 316 2034; x_wconf 85' lang='lat' dir='ltr'><strong>Senesco</strong></span> <span class='ocrx_word' id='word_1_192' title='bbox 363 1994 598 2046; x_wconf 74' lang='lat' dir='ltr'><strong>semper</strong></span> <span class='ocrx_word' id='word_1_193' title='bbox 638 1988 819 2030; x_wconf 86' lang='lat' dir='ltr'><strong>multa</strong></span> <span class='ocrx_word' id='word_1_194' title='bbox 857 1986 1095 2031; x_wconf 81' lang='lat' dir='ltr'><strong>discens.</strong></span> <span class='ocrx_word' id='word_1_195' title='bbox 1150 1996 1281 2044; x_wconf 85' lang='lat' dir='ltr'><strong>atque</strong></span> <span class='ocrx_word' id='word_1_196' title='bbox 1314 1985 1430 2028; x_wconf 86' lang='lat' dir='ltr'><strong>mihi</strong></span> 
     </span>
     <span class='ocr_line' id='line_1_28' title="bbox 18 2055 1429 2112; baseline -0.003 -12"><span class='ocrx_word' id='word_1_197' title='bbox 18 2103 19 2108; x_wconf 17' lang='lat'>¹</span> <span class='ocrx_word' id='word_1_198' title='bbox 59 2057 239 2101; x_wconf 86' lang='lat' dir='ltr'><strong>videtur</strong></span> <span class='ocrx_word' id='word_1_199' title='bbox 254 2056 318 2098; x_wconf 86' lang='lat' dir='ltr'><strong>ita</strong></span> <span class='ocrx_word' id='word_1_200' title='bbox 337 2069 514 2112; x_wconf 83' lang='lat' dir='ltr'><strong>semper</strong></span> <span class='ocrx_word' id='word_1_201' title='bbox 535 2063 744 2112; x_wconf 86' lang='lat' dir='ltr'><strong>oportere</strong></span> <span class='ocrx_word' id='word_1_202' title='bbox 765 2069 907 2096; x_wconf 89' lang='lat' dir='ltr'><strong>unum</strong></span> <span class='ocrx_word' id='word_1_203' title='bbox 930 2055 1106 2111; x_wconf 86' lang='lat' dir='ltr'><strong>aliquod</strong></span> <span class='ocrx_word' id='word_1_204' title='bbox 1123 2055 1292 2096; x_wconf 78' lang='lat' dir='ltr'><strong>discere</strong></span> <span class='ocrx_word' id='word_1_205' title='bbox 1324 2067 1429 2097; x_wconf 88' lang='lat' dir='ltr'><strong>eum</strong></span> 
     </span>
     <span class='ocr_line' id='line_1_29' title="bbox 18 2122 1429 2183; baseline -0.002 -17"><span class='ocrx_word' id='word_1_206' title='bbox 18 2132 19 2183; x_wconf 61' lang='lat' dir='ltr'>J</span> <span class='ocrx_word' id='word_1_207' title='bbox 61 2125 136 2181; x_wconf 84' lang='lat' dir='ltr'><strong>qui</strong></span> <span class='ocrx_word' id='word_1_208' title='bbox 158 2123 467 2182; x_wconf 86' lang='lat' dir='ltr'><strong>philosophari</strong></span> <span class='ocrx_word' id='word_1_209' title='bbox 490 2122 665 2178; x_wconf 84' lang='lat' dir='ltr'><strong>cogitet,</strong></span> <span class='ocrx_word' id='word_1_210' title='bbox 689 2130 779 2164; x_wconf 81' lang='lat' dir='ltr'><strong>tam</strong></span> <span class='ocrx_word' id='word_1_211' title='bbox 800 2122 1023 2164; x_wconf 86' lang='lat' dir='ltr'><strong>iuniorem</strong></span> <span class='ocrx_word' id='word_1_212' title='bbox 1046 2137 1176 2178; x_wconf 78' lang='lat' dir='ltr'><strong>quam</strong></span> <span class='ocrx_word' id='word_1_213' title='bbox 1190 2122 1429 2176; x_wconf 87' lang='lat' dir='ltr'><strong>seniorem,</strong></span> 
     </span>
     <span class='ocr_line' id='line_1_30' title="bbox 18 2189 1429 2251; baseline -0.001 -17"><span class='ocrx_word' id='word_1_214' title='bbox 18 2244 19 2251; x_wconf 12' lang='grc' dir='ltr'>ἵ</span> <span class='ocrx_word' id='word_1_215' title='bbox 61 2200 114 2234; x_wconf 85' lang='lat' dir='ltr'><strong>ut</strong></span> <span class='ocrx_word' id='word_1_216' title='bbox 147 2206 278 2248; x_wconf 87' lang='lat' dir='ltr'><strong>quam</strong></span> <span class='ocrx_word' id='word_1_217' title='bbox 306 2190 502 2248; x_wconf 83' lang='lat' dir='ltr'><strong>plurima</strong></span> <span class='ocrx_word' id='word_1_218' title='bbox 530 2190 577 2231; x_wconf 85' lang='lat' dir='ltr'><strong>iu</strong></span> <span class='ocrx_word' id='word_1_219' title='bbox 607 2189 699 2232; x_wconf 83' lang='lat' dir='ltr'><strong>vita</strong></span> <span class='ocrx_word' id='word_1_220' title='bbox 722 2200 966 2245; x_wconf 85' lang='lat' dir='ltr'><strong>cognoscat.</strong></span> <span class='ocrx_word' id='word_1_221' title='bbox 1024 2191 1171 2247; x_wconf 84' lang='lat' dir='ltr'><strong>Atque</strong></span> <span class='ocrx_word' id='word_1_222' title='bbox 1194 2189 1306 2232; x_wconf 87' lang='lat' dir='ltr'><strong>mihi</strong></span> <span class='ocrx_word' id='word_1_223' title='bbox 1326 2190 1429 2248; x_wconf 76' lang='lat' dir='ltr'><strong>pri·-</strong></span> 
     </span>
     <span class='ocr_line' id='line_1_31' title="bbox 18 2255 1429 2315; baseline -0.002 -12"><span class='ocrx_word' id='word_1_224' title='bbox 18 2286 19 2292; x_wconf 66' lang='lat'><em>=</em></span> <span class='ocrx_word' id='word_1_225' title='bbox 62 2257 409 2315; x_wconf 84' lang='lat' dir='ltr'><strong>mum-quidem</strong></span> <span class='ocrx_word' id='word_1_226' title='bbox 445 2258 680 2300; x_wconf 79' lang='lat' dir='ltr'><strong>videbatur</strong></span> <span class='ocrx_word' id='word_1_227' title='bbox 715 2256 880 2314; x_wconf 87' lang='lat' dir='ltr'><strong>aliquid</strong></span> <span class='ocrx_word' id='word_1_228' title='bbox 915 2255 1084 2308; x_wconf 74' lang='lat' dir='ltr'><strong>dicere,</strong></span> <span class='ocrx_word' id='word_1_229' title='bbox 1130 2256 1290 2299; x_wconf 84' lang='lat' dir='ltr'><strong>deinde</strong></span> <span class='ocrx_word' id='word_1_230' title='bbox 1320 2271 1429 2300; x_wconf 86' lang='lat' dir='ltr'><strong>vero</strong></span> 
     </span>
     <span class='ocr_line' id='line_1_32' title="bbox 65 2323 1428 2384; baseline 0.001 -17"><span class='ocrx_word' id='word_1_231' title='bbox 65 2342 201 2383; x_wconf 89' lang='lat' dir='ltr'><strong>quum</strong></span> <span class='ocrx_word' id='word_1_232' title='bbox 235 2341 411 2368; x_wconf 89' lang='lat' dir='ltr'><strong>mecum</strong></span> <span class='ocrx_word' id='word_1_233' title='bbox 445 2325 798 2384; x_wconf 68' lang='lat' dir='ltr'><strong>idireputassem</strong></span> <span class='ocrx_word' id='word_1_234' title='bbox 818 2323 1092 2380; x_wconf 83' lang='lat' dir='ltr'><strong>interrogavi</strong></span> <span class='ocrx_word' id='word_1_235' title='bbox 1120 2338 1221 2367; x_wconf 88' lang='lat' dir='ltr'><strong>eum</strong></span> <span class='ocrx_word' id='word_1_236' title='bbox 1242 2341 1298 2368; x_wconf 82' lang='lat' dir='ltr'><strong>an</strong></span> <span class='ocrx_word' id='word_1_237' title='bbox 1320 2325 1428 2383; x_wconf 84' lang='lat' dir='ltr'><strong>phi-</strong></span> 
     </span>
     <span class='ocr_line' id='line_1_33' title="bbox 63 2391 1427 2449; baseline -0.001 -13"><span class='ocrx_word' id='word_1_238' title='bbox 63 2391 311 2449; x_wconf 81' lang='lat' dir='ltr'><strong>Iosophiam</strong></span> <span class='ocrx_word' id='word_1_239' title='bbox 332 2394 574 2437; x_wconf 85' lang='lat' dir='ltr'><strong>multarum</strong></span> <span class='ocrx_word' id='word_1_240' title='bbox 596 2409 750 2436; x_wconf 88' lang='lat' dir='ltr'><strong>rerum</strong></span> <span class='ocrx_word' id='word_1_241' title='bbox 771 2391 999 2434; x_wconf 86' lang='lat' dir='ltr'><strong>scientiam</strong></span> <span class='ocrx_word' id='word_1_242' title='bbox 1019 2392 1313 2437; x_wconf 80' lang='lat' dir='ltr'><strong>arbitraretur</strong></span> <span class='ocrx_word' id='word_1_243' title='bbox 1323 2408 1427 2436; x_wconf 88' lang='lat' dir='ltr'><strong>esse.</strong></span> 
     </span>
     <span class='ocr_line' id='line_1_34' title="bbox 68 2460 1427 2519; baseline 0 -17"><span class='ocrx_word' id='word_1_244' title='bbox 68 2461 191 2502; x_wconf 88' lang='lat' dir='ltr'><strong>Tum</strong></span> <span class='ocrx_word' id='word_1_245' title='bbox 221 2460 323 2514; x_wconf 80' lang='lat' dir='ltr'><strong>ille,</strong></span> <span class='ocrx_word' id='word_1_246' title='bbox 363 2477 466 2505; x_wconf 83' lang='lat' dir='ltr'><strong>sane</strong></span> <span class='ocrx_word' id='word_1_247' title='bbox 496 2461 699 2519; x_wconf 79' lang='lat' dir='ltr'><strong>quidem,</strong></span> <span class='ocrx_word' id='word_1_248' title='bbox 728 2460 889 2516; x_wconf 82' lang='lat' dir='ltr'><strong>inquit.</strong></span> <span class='ocrx_word' id='word_1_249' title='bbox 947 2461 1167 2502; x_wconf 78' lang='lat' dir='ltr'><strong>censesne</strong></span> <span class='ocrx_word' id='word_1_250' title='bbox 1192 2461 1427 2518; x_wconf 56' lang='lat' dir='ltr'><strong>vero‚‘pul-</strong></span> 
     </span>
     <span class='ocr_line' id='line_1_35' title="bbox 66 2526 1425 2588; baseline -0.001 -18"><span class='ocrx_word' id='word_1_251' title='bbox 66 2527 218 2570; x_wconf 74' lang='lat' dir='ltr'><strong>clu-am</strong></span> <span class='ocrx_word' id='word_1_252' title='bbox 252 2535 424 2572; x_wconf 80' lang='lat' dir='ltr'><strong>tantum</strong></span> <span class='ocrx_word' id='word_1_253' title='bbox 457 2545 549 2571; x_wconf 86' lang='lat' dir='ltr'><strong>esse</strong></span> <span class='ocrx_word' id='word_1_254' title='bbox 576 2526 930 2588; x_wconf 84' lang='lat' dir='ltr'><strong>philosophiam,</strong></span> <span class='ocrx_word' id='word_1_255' title='bbox 983 2543 1039 2570; x_wconf 84' lang='lat' dir='ltr'><strong>an</strong></span> <span class='ocrx_word' id='word_1_256' title='bbox 1072 2528 1202 2570; x_wconf 84' lang='lat' dir='ltr'><strong>etiam</strong></span> <span class='ocrx_word' id='word_1_257' title='bbox 1229 2528 1425 2570; x_wconf 76' lang='lat' dir='ltr'><strong>bonam?</strong></span> 
     </span>
     <span class='ocr_line' id='line_1_36' title="bbox 65 2594 1428 2655; baseline 0 -17"><span class='ocrx_word' id='word_1_258' title='bbox 65 2594 265 2653; x_wconf 75' lang='lat' dir='ltr'><strong>inquam.</strong></span> <span class='ocrx_word' id='word_1_259' title='bbox 323 2595 462 2652; x_wconf 84' lang='lat' dir='ltr'><strong>Sane,</strong></span> <span class='ocrx_word' id='word_1_260' title='bbox 498 2598 668 2655; x_wconf 85' lang='lat' dir='ltr'><strong>inquit,</strong></span> <span class='ocrx_word' id='word_1_261' title='bbox 703 2598 835 2642; x_wconf 82' lang='lat' dir='ltr'><strong>etiam</strong></span> <span class='ocrx_word' id='word_1_262' title='bbox 863 2597 1041 2639; x_wconf 83' lang='lat' dir='ltr'><strong>bonam.</strong></span> <span class='ocrx_word' id='word_1_263' title='bbox 1098 2596 1263 2639; x_wconf 87' lang='lat' dir='ltr'><strong>Utrum</strong></span> <span class='ocrx_word' id='word_1_264' title='bbox 1293 2596 1428 2653; x_wconf 84' lang='lat' dir='ltr'><strong>igitur</strong></span> 
     </span>
    </p>
   </div>
  </div>
 </body>
</html>
