1734 2872
482 136 919 180 ALCIBPADESJ
949 134 1320 176 senuimus,
1498 125 1591 180 323

301 243 390 299 'Sa
446 255 638 299 Diceres.
652 261 803 298 'autem
823 242 925 305 hoc,
950 254 998 296 ni
1018 253 1166 303 fallor,
1185 252 1223 296 si
1235 252 1410 314 videres
1422 267 1590 297 unum-

207 339 432 381 quemque
453 323 637 370 illorum
657 320 892 365 ambitiose
914 321 1259 364 contendentem
1279 319 1396 363 evin
1413 321 1591 364 civitate

190 379 562 435 'administranda
592 389 643 432 ei
669 390 728 448 pl
743 387 833 430 uri
848 401 990 430 mum
1022 388 1142 429 trib
1158 404 1184 430 u
1201 403 1224 429 e
1238 391 1404 442 ntem,
1435 396 1439 399 ’
1471 422 1479 443 ·.

273 481 399 526 Sibi
427 481 548 540 ipse
572 488 901 539 quocumqu
917 492 941 519 e
969 477 1283 521 antecellit
1310 467 1588 533 ma‘x'ime3

202 572 325 626 (dico
354 579 506 614 autem
536 561 583 614 id
614 570 733 631 quod
759 560 808 611 in
836 558 934 626 i'psa
953 564 1049 610 arte
1070 558 1293 626 optimum
1317 563 1425 621 est),
1453 560 1509 609 Ab
1535 583 1588 610 eo

204 648 352 684 autem
388 639 510 697 quod·
542 637 710 682 civitati
738 646 782 681 et
800 636 980 679 sibimet
998 635 1087 694 ipsi
1107 635 1330 693 optimum
1352 642 1419 677 est
1436 635 1587 680 maxi-

202 722 324 751 mam
353 715 527 765 partem
561 707 870 756 aberrantem,
910 703 1109 761 quippe,
1151 711 1200 746 ut
1230 694 1451 765 arbitror,
1492 702 1591 755 sine

203 771 496 832 intelligentia
527 773 742 834 opinione
771 771 959 815 fretum.
987 771 1061 829 ἶἰῑειι
1080 779 1201 834 ‘vero
1235 770 1272 813 si
1301 778 1374 832 res
1390 769 1590 824 haberet,

202 852 353 884 nonne
380 851 502 885 recte
531 841 783 884 diceremus
810 839 952 882 multa
975 837 1316 896 perturbatione
1336 853 1386 880 ac
1409 839 1589 882 licentia

204 924 230 950 a
247 909 598 967 legibus-aversa
620 909 804 967 plenam
825 904 927 950 fore
947 905 1210 950 huiusmodi
1233 904 1494 966 civitatem?

313 995 389 1040 Al.
444 996 580 1039 Recte
589 1027 601 1048 ,
626 985 900 1039 mehercule.

319 1076 393 1127 So.
450 1075 614 1126 Nonne
636 1076 938 1127 necessarium
965 1081 1096 1125 nobis
1114 1079 1351 1123 videbatur
1372 1096 1465 1124 esse
1486 1089 1588 1133 ante
1650 1092 1654 1096 '

206 1150 358 1192 omnia
388 1162 470 1191 nos
501 1158 660 1207 putare
694 1151 808 1192 scire
831 1151 907 1193 vel
948 1164 1000 1192 re
1035 1163 1141 1190 vera
1168 1147 1282 1190 scire
1315 1147 1360 1189 id
1390 1150 1444 1191 ad
1467 1151 1585 1205 quod

203 1217 408 1274 prompti
438 1216 580 1259 futuri
609 1223 802 1260 essemus
835 1218 908 1262 vel
938 1216 1197 1259 faciendum
1217 1214 1292 1258 vel
1314 1215 1586 1260 dicendum?

310 1302 388 1347 Al.
445 1303 709 1349 Videbatur.

314 1391 387 1434 So.
443 1391 606 1434 Nonne
635 1392 794 1445 etiam,
834 1391 871 1434 si
901 1390 998 1448 quis
1030 1379 1197 1435 faceret
1220 1391 1339 1447 quod
1360 1392 1494 1436 sciret
1511 1394 1585 1437 vel

200 1467 380 1517 putaret
407 1474 454 1501 se
489 1459 628 1512 scire,
660 1469 704 1504 et
739 1460 834 1502 eius
859 1461 977 1516 quod
1002 1459 1224 1516 optimum
1250 1467 1314 1507 est
1332 1460 1516 1502 scientia
1541 1462 1583 1504 ei

203 1527 520 1580 comitaretur,
558 1528 658 1570 fore
693 1535 745 1570 ut
777 1527 1011 1570 commode
1040 1535 1085 1570 et
1112 1526 1285 1569 utiliter
1303 1524 1471 1569 faceret
1489 1536 1582 1571 tam

202 1594 371 1638 civitati
393 1602 525 1651 quam
550 1595 731 1638 sibimet
751 1594 872 1651 ipsi?

314 1671 391 1713 Al.
449 1667 706 1729 Quippini‘?

315 1741 386 1790 So.
445 1744 549 1799 Sin,
588 1755 640 1811 ut
670 1739 866 1791 arbitror
877 1770 893 1801 5
930 1754 1108 1802 contra5
1135 1752 1283 1803 neque
1306 1746 1478 1791 civitati
1498 1763 1580 1790 ne-

201 1831 288 1872 que
305 1815 486 1858 sibimet
510 1813 611 1871 ipsi.

311 1883 388 1932 A'l.
443 1883 651 1933 Minime.
1014 1940 1019 1944 ¹

312 1958 390 2028 So.
428 2012 434 2024 ,
447 1964 573 2022 Quid
606 1965 779 2022 igitur?
818 1981 941 2009 nunc
971 1972 1149 2024 quoque
1177 1964 1238 2008 ita
1271 1955 1356 2007 tibi
1384 1957 1578 2021 videtur,

204 2047 261 2075 an
279 2031 439 2074 aliter?
1473 2045 1479 2051 '

315 2109 390 2152 Al.
444 2107 574 2161 Non,
604 2107 678 2149 sed
704 2098 779 2150 ita.

314 2185 385 2227 So.
442 2184 606 2228 Nonne
631 2198 742 2226 vero
774 2172 931 2226 dixisti
963 2189 1007 2223 te·
1025 2174 1273 2244 *plerosque
1304 2189 1466 2227 vocare
1485 2185 1575 2228 im-

201 2247 448 2310 prudentes
461 2278 475 2303 ,
502 2259 547 2294 et
566 2257 734 2309 paucos
754 2246 1030 2310 prudentes?

311 2327 390 2370 Al.
445 2327 541 2384 Ego
557 2334 678 2370 sane.

315 2403 386 2449 So.
442 2403 606 2446 Nonne
652 2418 807 2446 rursus
856 2402 1041 2445 dicimus
1091 2391 1332 2458 plerosque
1368 2390 1574 2445 homines

206 2468 414 2512 aberrare
446 2470 500 2512 ab
533 2461 730 2528 optimo,
769 2469 937 2528 quippe
967 2467 1213 2513 maximam
1233 2467 1429 2526 partem,
1469 2470 1571 2527 opi-

204 2549 312 2590 nor,
338 2537 433 2578 sine
452 2537 749 2595 intelligentia
768 2538 979 2596 opinione
1002 2535 1174 2580 fretos?

314 2611 390 2654 Al.
445 2606 650 2657 Dicimus
679 2628 804 2657 vero·

1185 2670 1287 2724 Χ,
