1734 2872
387 169 812 212 ALCIBIADES
854 168 1127 211 PRIMUS.
1350 177 1440 212 285
1478 211 1485 219 N

186 289 270 339 So.³
299 287 471 332 ⁴Nonne
497 302 611 332 vero
639 287 795 339 dixisti
823 285 1079 344 paullulum
1112 301 1186 328 me
1213 285 1449 331 tibiante-

74 359 272 409 vertisse,
302 371 444 413 quum
466 355 598 414 prius-
609 369 684 398 me
705 353 830 397 adire
854 352 1071 396 voluisses
1089 363 1139 398 ut
1154 350 1446 414 comperii-es,

75 425 364 484 quamobrem
394 437 475 480 ego
499 421 622 465 solus
649 437 752 464 non>
772 419 1080 464 discederem?

136 513 144 518 ⁴
182 490 256 536 Al.
312 491 380 536 Ita
399 505 504 533 sane
530 500 642 534 erat.

183 560 254 604 8ο.
310 559 431 602 Haec
446 559 585 616 igitur
604 566 670 600 est
692 571 837 609 causa,
858 557 978 614 quod
1000 557 1118 600 solus
1139 567 1311 600 amator
1323 574 1447 603 eram

70 636 198 679 tuus,
236 626 398 684 reliqui
432 641 540 670 vero
570 640 729 670 eorum
754 639 869 682 quae
889 624 943 667 ad
963 633 1005 668 te
1025 626 1276 683 pertinent,
1311 634 1354 668 et
1374 636 1447 670 tua

71 694 251 752 quidem
279 694 601 744 deflorescunt,
640 702 693 737 tu
721 689 872 736 autem
901 692 1065 751 incipis
1095 693 1275 736 florere.
1313 702 1446 750 atque

69 778 189 806 nunc
202 793 215 815 ,
256 758 343 805 n'isi
363 775 653 819 corrumpare
674 758 729 803 ab
750 759 1094 804 Atheniensium
1116 762 1285 820 populo
1306 771 1348 805 et
1367 763 1446 804 de-

70 830 210 874 terior
239 830 422 883 evadas,
462 829 588 871 nquo
620 836 665 871 te
693 829 829 871 modo
858 828 1184 885 derelinquam.
1218 829 1303 874 hoc
1324 831 1447 874 enim

69 897 270 940 maxime
298 898 462 944 timeo,
505 911 564 938 ne
590 896 749 953 populi
776 904 950 939 amator
979 896 1058 939 fias
1090 897 1305 954 nobisque
1338 914 1445 941 cor-

69 978 311 1021 rumpare3
348 964 502 1008 multis
534 963 655 1005 enim
671 963 761 1006 iam
784 962 916 1005 bonis
936 963 1286 1007 Atheniensibus
1303 965 1351 1007 id
1371 976 1446 1008 ac'-

69 1032 191 1074 cidit.
240 1031 407 1074 etenim
445 1029 646 1072 formosa
678 1037 744 1072 est
769 1030 917 1087 specie
947 1031 1223 1088 magnanimi
1252 1033 1447 1090 populus

38 1153 42 1157 ,
67 1098 308 1142 Erechthei
320 1116 334 1152 3
366 1098 575 1156 quocirca
595 1097 809 1140 nudatum
830 1105 1011 1156 oportet
1030 1113 1135 1142 eum
1145 1100 1346 1158 spectari.
1366 1101 1445 1144 ad-

15 1218 21 1222 *
68 1166 173 1209 hibe
194 1166 335 1222 igitur
357 1166 609 1208 cautionem
631 1179 765 1221 quam
781 1164 892 1208 dico.

177 1233 250 1276 Al.
309 1233 498 1292 Quam?

181 1303 253 1345 80.
307 1301 538 1348 Exercere
565 1300 792 1357 primum,
829 1315 856 1342 o
882 1300 1022 1350 bone,
1060 1309 1105 1343 et
1126 1301 1245 1345 disce
1267 1318 1380 1360 quae
1401 1312 1443 1346 te

71 1368 246 1411 doctum
275 1375 453 1426 oportet
482 1366 692 1409 accedere
714 1366 767 1408 ad
787 1383 885 1411 rem
903 1367 1155 1425 publicam,
1194 1385 1286 1413 non
1302 1372 1445 1429 prius,

68 1443 120 1479 ut
135 1436 368 1495 praesidiis
387 1444 530 1479 tectus
550 1436 731 1478 accedas
752 1449 835 1477 nec
854 1435 1029 1494 indigni
1042 1437 1150 1494 quid
1160 1438 1244 1481 tibi
1259 1440 1440 1483 accidat.

178 1503 250 1548 AL
306 1505 428 1548 Bene
448 1502 564 1545 mihi
590 1502 760 1546 videris
783 1503 948 1555 dicere,
984 1503 1184 1557 Socrate3
1213 1515 1257 1550 at
1279 1522 1443 1552 conare

70 1587 298 1630 exponere
320 1586 410 1629 quo
430 1579 559 1629 pacto
579 1570 802 1614 nobismet
821 1571 932 1628 ipsis
954 1573 1253 1618 consulamus.

177 1640 250 1683 So.
305 1640 400 1683 Iam
418 1638 505 1682 hoc
526 1637 704 1696 quidem
725 1639 853 1681 nobis
872 1648 975 1682 ante
996 1639 1205 1684 effectum
1217 1652 1309 1698 est3
1334 1644 1444 1701 quid

69 1707 186 1751 enim
212 1708 364 1760 simus,
393 1707 496 1750 satis
516 1707 635 1749 inter
658 1722 740 1749 nos
761 1707 984 1750 convenit.
1011 1707 1275 1766 timebamus
1291 1720 1442 1755 autem
1489 1757 1495 1761 ⁷

68 1788 126 1815 ne
144 1773 191 1815 in
209 1774 292 1818 hoc
313 1781 511 1818 errantes
531 1774 652 1819 aliud
675 1774 779 1832 quid
799 1775 1037 1820 inscientes
1047 1781 1321 1832 curaremus,
1348 1794 1442 1823 non

69 1858 149 1884 nos
169 1841 300 1898 ipsos.

179 1909 256 1950 Al.
312 1906 425 1961 Sunt
443 1910 538 1952 ista.

178 1976 250 2018 80.
307 1973 564 2018 Secundum
586 1975 670 2018 hoc
688 1977 828 2034 igitur
848 1979 998 2023 animo
1009 1980 1290 2024 consulamus
1300 1987 1441 2039 opor-1

66 2051 133 2087 tet
151 2052 194 2086 et
213 2042 334 2085 hunc
351 2051 612 2102 spectemus.

175 2111 252 2153 Al.
309 2109 451 2153 Patet.

177 2179 250 2221 So.
309 2177 564 2236 Corporum
611 2193 720 2222 vero
768 2187 810 2223 et
861 2181 1155 2236 pecuniarum
1196 2197 1304 2227 cura
1341 2186 1437 2231 aliis

68 2245 291 2289 tradenda.

178 2314 253 2356 Al.
308 2313 513 2371 Quidni?

175 2381 246 2424 80.
302 2381 406 2439 Quo
436 2381 572 2438 igitur
602 2391 730 2438 pacto
759 2398 1069 2441 cognoscemus
1095 2385 1226 2428 illum
1251 2387 1435 2431 evidens

66 2448 267 2491 tissime?
295 2448 512 2504 siquidem
535 2447 646 2491 hanc
670 2460 994 2507 cognoscentes,
1022 2460 1071 2494 ut
1082 2453 1273 2506 videtur,
1299 2455 1434 2499 etiam

68 2530 146 2557 nos
167 2515 287 2571 ipsos
310 2530 640 2572 cognoscemus.
664 2533 735 2568 an,
759 2534 841 2576 per
860 2519 977 2571 deos,
1008 2519 1220 2578 Delphica
1239 2523 1434 2580 inscrip—

66 2581 128 2623 tio
159 2597 292 2638 quam
317 2582 453 2625 modo
474 2586 823 2629 memoravimus
846 2602 980 2644 quam
1004 2586 1118 2630 bene
1140 2598 1318 2633 moneat
1339 2606 1432 2632 non

64 2650 393 2706 perspicimus?
