1734 2872
367 169 803 214 ALCIBIADES
834 164 1214 207 SECUNDUS.
1385 173 1477 212 315

122 292 355 355 p1·eoanda,'
381 295 472 334 nen
486 289 704 349 pessima.
721 285 807 329 hoc
830 285 953 329 enim
973 299 1025 331 re
1043 297 1152 330 vera
1170 281 1487 344 imprecatiqni

82 369 87 371 “
123 363 320 415 cuidam,
350 375 443 403 non
462 355 709 422 precationi
728 351 877 400 simile
896 353 976 394 est.

230 440 303 483 So.
360 439 420 482 At
443 437 645 494 forsitan,
673 433 738 478 mi
759 431 943 490 optime,
969 429 1084 473 dicat
1106 431 1179 473 vir
1199 446 1274 473 me
1291 436 1342 474 ‘et
1359 431 1405 475 te
1418 447 1492 476 sa-

121 507 314 568 pientior
330 539 341 557 ,
366 521 459 551 non
478 512 597 547 recte
622 495 704 548 nos
727 498 851 556 loqui
871 498 934 542 ita
954 498 1051 541 sine
1070 513 1200 540 causa
1226 500 1495 559 vituperem-2

113 586 192 620 'tes
204 573 525 632 ignorantiam,
564 571 652 615 nisi
674 568 932 614 adiiciamus
948 597 960 614 ,
987 566 1310 609 nonnullarum
1338 583 1496 612 rerum

124 651 166 685 et
189 641 512 687 nonnullorum
534 647 582 682 et·
596 638 744 695 aliquo
764 635 911 685 modo¹
929 648 976 677 se
996 632 1258 677 habentium
1275 635 1494 691 ignoran-

123 710 232 753 tiam
260 724 353 757 esse
369 709 551 758 bonam,
570 707 755 750 illorum
774 718 884 749 vero
903 703 1082 746 malam.

233 788 310 832 Al.
368 786 608 850 Quomodo
658 784 798 828 dicis?
851 782 961 824 num
998 775 1498 840 cuiquam'quomodo-

125 850 393 913 cumquese
423 853 608 906 habenti
642 852 803 896 melius
834 865 927 893 esse
957 857 1107 908 potest
1139 866 1239 894 rem
1274 849 1416 909 quah‘s
1447 865 1498 896 ea

127 938 316 980 cumque
339 932 403 971 est
426 923 661 979 ignorare,
703 934 839 976 quam
859 919 1080 960 noscere?
1303 950 1334 972 ,b

236 1003 305 1044 So.
360 1001 479 1045 Mihi
499 1015 606 1044 vero
622 997 823 1049 videtur,
851 996 936 1040 tibi
956 1012 1044 1040 non
1057 997 1079 1039 ’ἓ

231 1079 308 1146 Al.
363 1078 714 1136 Haudquaquam
734 1075 899 1121 hercle.

239 1159 312 1201 So.
370 1158 504 1202 Enim
523 1171 633 1202 vero
656 1170 738 1197 nec
757 1153 844 1196 hoc
863 1154 1129 1197 existimabo
1147 1164 1192 1199 te
1210 1155 1328 1202 velle
1340 1155 1387 1196 in
1400 1169 1502 1198 ma..

128 1234 246 1267 trem
273 1235 398 1269 'cuam
431 1239 482 1265 ea
511 1223 783 1266 commisisse
813 1236 923 1278 quae
948 1223 1137 1266 Oresten
1156 1223 1309 1266 dicunt
1331 1231 1376 1269 et
1393 1223 1505 1266 Alc-

130 1306 365 1337 maeonem
396 1298 440 1333 et
467 1291 504 1332 si
535 1290 613 1346 qui
642 1289 718 1334 alii
747 1288 901 1334 eadem
929 1297 1059 1346 atque
1075 1290 1144 1334 illi
1164 1290 1502 1337 commiserunt.

240 1371 316 1414 Al.
372 1371 497 1412 Bona
513 1369 674 1417 verba,
704 1382 890 1424 quaeso,
919 1368 1118 1412 Socrate.

242 1451 313 1496 So,
370 1448 474 1492 Non
507 1463 611 1490 eum
641 1447 719 1504 qui
755 1446 884 1499 dicit,
909 1447 1161 1497 Alcibiade,
1199 1456 1242 1491 te
1261 1463 1355 1490 non
1372 1463 1506 1506 posse
1574 1471 1576 1473 ·

132 1518 248 1560 velle
275 1518 359 1561 hoc
388 1514 741 1575 perpetravisse,
775 1514 931 1556 iubere
964 1515 1093 1558 debes
1121 1516 1240 1559 bona
1268 1516 1408 1559 verba
1435 1516 1506 1558 di·-

135 1599 261 1636 cere,
300 1584 377 1631 sed
403 1582 544 1630 multo
579 1581 746 1638 magis,
782 1581 821 1627 si
852 1582 951 1637 quis
978 1585 1199 1627 contraria
1218 1583 1354 1626 dicat:
1390 1599 1507 1641 quo—-

136 1653 260 1694 niam
284 1666 395 1694 vero
433 1658 525 1696 tam‘
554 1649 834 1692 horrendum
870 1649 950 1691 tibi
978 1649 1158 1693 videtur
1185 1651 1357 1694 facinus
1399 1666 1508 1702 esse,

135 1735 246 1763 num
269 1720 459 1762 Oresten
492 1731 668 1768 censes,
704 1717 741 1759 si
771 1715 968 1776 prudens
991 1716 1149 1760 fuisset
1172 1726 1214 1761 et
1233 1717 1510 1774 cognovisset

139 1786 256 1843 quod
286 1786 507 1844 optimum
533 1784 620 1827 sibi
648 1792 760 1828 esset
790 1783 965 1835 facere,
1009 1800 1222 1828 ausurum
1253 1784 1392 1828 fuisse
1421 1785 1511 1828 tale

141 1853 245 1910 quid
266 1853 544 1901 committere
557 1852 580 1894 ’ἓ

250 1931 324 1973 ΑΖ.
379 1930 571 1973 Minime
592 1945 713 1973 vero.

252 2010 325 2052 So.
379 2007 535 2065 Neque
561 2007 698 2054 alium
718 2018 828 2068 puto
848 2024 1130 2075 quemquam.

252 2087 328 2130 Al.
385 2085 478 2129 Nec
502 2084 654 2128 alium.

255 2166 329 2213 So.
383 2165 505 2211 Mala
532 2163 692 2221 igitur,
731 2173 782 2214 ut
812 2173 959 2222 patet,
998 2174 1065 2208 est
1087 2164 1247 2223 optimi
1266 2162 1516 2224 ignorantia

149 2244 191 2282 et
213 2234 421 2296 ignorare
442 2232 680 2289 optimum.
983 2234 985 2236 ’
1126 2226 1128 2228 ’

254 2300 329 2344 Al.
384 2299 501 2344 Mihi
528 2314 633 2341 sane
655 2299 848 2343 videtur.

259 2358 334 2412 Sci.
389 2367 450 2412 Et
469 2366 536 2410 illi
553 2374 597 2414 et
614 2365 800 2423 reliquis
819 2366 1042 2416 omnibus.

259 2435 334 2477 Al.
388 2434 493 2481 Aio.

263 2501 333 2545 So.
388 2501 623 2544 Praeterea
653 2500 739 2543 hoc
772 2515 945 2558 quoque
973 2503 1316 2549 consideremus.
1364 2505 1401 2548 si
1434 2505 1517 2549 tibi

152 2566 273 2610 illico
294 2567 342 2608 in
361 2575 555 2610 mentem
575 2569 770 2622 veniret,
808 2569 1024 2613 Periolem
1045 2580 1240 2614 tutorem
1264 2581 1306 2615 et
1326 2573 1518 2615 amicum

157 2644 282 2678 tuum
308 2634 557 2678 interficere
586 2642 631 2677 et
657 2635 746 2681 sica
769 2646 945 2696 sumpta
962 2638 1014 2681 ad
1035 2639 1155 2682 sores
1176 2656 1422 2698 properans
1446 2641 1519 2682 in-
