<?xml version="1.0" encoding="UTF-8"?>
<!DOCTYPE html PUBLIC "-//W3C//DTD XHTML 1.0 Transitional//EN"
    "http://www.w3.org/TR/xhtml1/DTD/xhtml1-transitional.dtd">
<html xmlns="http://www.w3.org/1999/xhtml" xml:lang="en" lang="en">
 <head>
  <title>
</title>
<meta http-equiv="Content-Type" content="text/html;charset=utf-8" />
  <meta name='ocr-system' content='tesseract 3.04.00' />
  <meta name='ocr-capabilities' content='ocr_page ocr_carea ocr_par ocr_line ocrx_word'/>
</head>
<body>
  <div class='ocr_page' id='page_1' title='image "./quaeexstantopera08platuoft_0355.png"; bbox 0 0 1734 2872; ppageno 0'>
   <div class='ocr_carea' id='block_1_1' title="bbox 313 89 1414 174">
    <p class='ocr_par' dir='ltr' id='par_1_1' title="bbox 313 89 1414 174">
     <span class='ocr_line' id='line_1_1' title="bbox 313 89 1414 174; baseline -0.002 -7"><span class='ocrx_word' id='word_1_1' title='bbox 313 89 401 166; x_wconf 73' lang='lat' dir='ltr'><strong>m:</strong></span> <span class='ocrx_word' id='word_1_2' title='bbox 445 108 660 165; x_wconf 69' lang='lat' dir='ltr'><strong>Locm&#39;</strong></span> <span class='ocrx_word' id='word_1_3' title='bbox 702 108 1153 174; x_wconf 66' lang='lat' dir='ltr'><strong>cUPIm&#39;rA‘rE.</strong></span> <span class='ocrx_word' id='word_1_4' title='bbox 1193 115 1196 118; x_wconf 74' lang='grc'><em>’</em></span> <span class='ocrx_word' id='word_1_5' title='bbox 1280 131 1284 134; x_wconf 90' lang='grc'><em>·</em></span> <span class='ocrx_word' id='word_1_6' title='bbox 1322 125 1414 165; x_wconf 75' lang='lat'><strong>347</strong></span> 
     </span>
    </p>
   </div>
   <div class='ocr_carea' id='block_1_2' title="bbox 43 234 1426 975">
    <p class='ocr_par' dir='ltr' id='par_1_2' title="bbox 45 234 1420 358">
     <span class='ocr_line' id='line_1_2' title="bbox 153 234 1420 302; baseline -0.005 -13"><span class='ocrx_word' id='word_1_7' title='bbox 153 246 230 289; x_wconf 85' lang='lat' dir='ltr'><strong>So.</strong></span> <span class='ocrx_word' id='word_1_8' title='bbox 264 243 368 286; x_wconf 86' lang='lat' dir='ltr'><strong>Per</strong></span> <span class='ocrx_word' id='word_1_9' title='bbox 398 242 578 287; x_wconf 86' lang='lat' dir='ltr'><strong>lucrum</strong></span> <span class='ocrx_word' id='word_1_10' title='bbox 605 237 754 302; x_wconf 70' lang='lat' dir='ltr'><strong>igit-ut·</strong></span> <span class='ocrx_word' id='word_1_11' title='bbox 770 236 1002 281; x_wconf 86' lang='lat' dir='ltr'><strong>damnum</strong></span> <span class='ocrx_word' id='word_1_12' title='bbox 1016 234 1222 289; x_wconf 85' lang='lat' dir='ltr'><strong>faciunt‚¹</strong></span> <span class='ocrx_word' id='word_1_13' title='bbox 1249 249 1328 282; x_wconf 82' lang='lat' dir='ltr'><strong>au</strong></span> <span class='ocrx_word' id='word_1_14' title='bbox 1336 251 1420 300; x_wconf 74' lang='lat' dir='ltr'><strong>per</strong></span> 
     </span>
     <span class='ocr_line' id='line_1_3' title="bbox 45 310 807 358; baseline -0.01 0"><span class='ocrx_word' id='word_1_15' title='bbox 45 312 260 358; x_wconf 76' lang='lat' dir='ltr'><strong>damnum</strong></span> <span class='ocrx_word' id='word_1_16' title='bbox 279 310 486 353; x_wconf 87' lang='lat' dir='ltr'><strong>homines</strong></span> <span class='ocrx_word' id='word_1_17' title='bbox 498 310 549 355; x_wconf 72' lang='lat'><strong>¹?</strong></span> <span class='ocrx_word' id='word_1_18' title='bbox 718 346 721 348; x_wconf 94' lang='lat'>.</span> <span class='ocrx_word' id='word_1_19' title='bbox 804 328 807 331; x_wconf 94' lang='lat'>·</span> 
     </span>
    </p>

    <p class='ocr_par' dir='ltr' id='par_1_3' title="bbox 44 367 1421 502">
     <span class='ocr_line' id='line_1_4' title="bbox 141 367 1421 432; baseline -0.01 -9"><span class='ocrx_word' id='word_1_20' title='bbox 141 379 274 428; x_wconf 81' lang='lat' dir='ltr'><strong>Am.</strong></span> <span class='ocrx_word' id='word_1_21' title='bbox 311 378 399 425; x_wconf 89' lang='lat' dir='ltr'><strong>Per</strong></span> <span class='ocrx_word' id='word_1_22' title='bbox 421 387 697 432; x_wconf 56' lang='lat' dir='ltr'><strong>utrumqueg</strong></span> <span class='ocrx_word' id='word_1_23' title='bbox 733 384 836 417; x_wconf 82' lang='lat' dir='ltr'><strong>nam</strong></span> <span class='ocrx_word' id='word_1_24' title='bbox 862 379 908 414; x_wconf 84' lang='lat' dir='ltr'><strong>et</strong></span> <span class='ocrx_word' id='word_1_25' title='bbox 940 386 1027 430; x_wconf 81' lang='lat' dir='ltr'><strong>per</strong></span> <span class='ocrx_word' id='word_1_26' title='bbox 1053 367 1269 420; x_wconf 86' lang='lat' dir='ltr'><strong>damnum</strong></span> <span class='ocrx_word' id='word_1_27' title='bbox 1293 370 1421 415; x_wconf 75' lang='lat' dir='ltr'><strong>dam-</strong></span> 
     </span>
     <span class='ocr_line' id='line_1_5' title="bbox 44 445 985 502; baseline -0.01 -11"><span class='ocrx_word' id='word_1_28' title='bbox 44 462 157 491; x_wconf 82' lang='lat' dir='ltr'><strong>num</strong></span> <span class='ocrx_word' id='word_1_29' title='bbox 176 446 347 490; x_wconf 81' lang='lat' dir='ltr'><strong>faciunt</strong></span> <span class='ocrx_word' id='word_1_30' title='bbox 365 453 409 488; x_wconf 89' lang='lat' dir='ltr'><strong>et</strong></span> <span class='ocrx_word' id='word_1_31' title='bbox 428 459 512 502; x_wconf 87' lang='lat' dir='ltr'><strong>per</strong></span> <span class='ocrx_word' id='word_1_32' title='bbox 532 445 719 487; x_wconf 53' lang='lat' dir='ltr'><strong>lucrum*</strong></span> <span class='ocrx_word' id='word_1_33' title='bbox 729 454 939 499; x_wconf 75' lang='lat' dir='ltr'><strong>pravum.</strong></span> <span class='ocrx_word' id='word_1_34' title='bbox 984 466 985 469; x_wconf 62' lang='lat'><em>=</em></span> 
     </span>
    </p>

    <p class='ocr_par' dir='ltr' id='par_1_4' title="bbox 81 505 1425 571">
     <span class='ocr_line' id='line_1_6' title="bbox 81 505 1425 571; baseline -0.004 -14"><span class='ocrx_word' id='word_1_35' title='bbox 81 542 83 546; x_wconf 86' lang='lat'><em>.</em></span> <span class='ocrx_word' id='word_1_36' title='bbox 153 515 224 557; x_wconf 90' lang='lat' dir='ltr'><strong>So.</strong></span> <span class='ocrx_word' id='word_1_37' title='bbox 250 513 377 558; x_wconf 82' lang='lat' dir='ltr'><strong>Num</strong></span> <span class='ocrx_word' id='word_1_38' title='bbox 396 511 576 555; x_wconf 81' lang='lat' dir='ltr'><strong>videtur</strong></span> <span class='ocrx_word' id='word_1_39' title='bbox 593 510 678 554; x_wconf 80' lang='lat' dir='ltr'><strong>tibi</strong></span> <span class='ocrx_word' id='word_1_40' title='bbox 690 523 761 554; x_wconf 77' lang='lat' dir='ltr'><strong>res</strong></span> <span class='ocrx_word' id='word_1_41' title='bbox 779 507 926 571; x_wconf 84' lang='lat' dir='ltr'><strong>proba</strong></span> <span class='ocrx_word' id='word_1_42' title='bbox 946 514 991 550; x_wconf 85' lang='lat' dir='ltr'><strong>et</strong></span> <span class='ocrx_word' id='word_1_43' title='bbox 1007 505 1132 549; x_wconf 48' lang='lat' dir='ltr'><strong>bona&gt;</strong></span> <span class='ocrx_word' id='word_1_44' title='bbox 1143 521 1283 566; x_wconf 83' lang='lat' dir='ltr'><strong>prava</strong></span> <span class='ocrx_word' id='word_1_45' title='bbox 1297 508 1425 551; x_wconf 71' lang='lat' dir='ltr'><strong>esse?</strong></span> 
     </span>
    </p>

    <p class='ocr_par' dir='ltr' id='par_1_5' title="bbox 43 578 1424 775">
     <span class='ocr_line' id='line_1_7' title="bbox 43 578 573 625; baseline -0.014 2"><span class='ocrx_word' id='word_1_46' title='bbox 43 597 49 603; x_wconf 86' lang='lat'><strong>·</strong></span> <span class='ocrx_word' id='word_1_47' title='bbox 83 598 110 619; x_wconf 64' lang='lat' dir='ltr'><strong>s</strong></span> <span class='ocrx_word' id='word_1_48' title='bbox 152 582 264 625; x_wconf 85' lang='lat' dir='ltr'><strong>Am.</strong></span> <span class='ocrx_word' id='word_1_49' title='bbox 322 578 440 623; x_wconf 86' lang='lat' dir='ltr'>Mihi</span> <span class='ocrx_word' id='word_1_50' title='bbox 466 593 573 621; x_wconf 89' lang='lat' dir='ltr'><strong>non.</strong></span> 
     </span>
     <span class='ocr_line' id='line_1_8' title="bbox 59 642 1424 701; baseline -0.006 -8"><span class='ocrx_word' id='word_1_51' title='bbox 59 669 63 675; x_wconf 91' lang='lat'>·</span> <span class='ocrx_word' id='word_1_52' title='bbox 155 649 229 692; x_wconf 83' lang='lat' dir='ltr'><strong>So.</strong></span> <span class='ocrx_word' id='word_1_53' title='bbox 259 648 422 692; x_wconf 82' lang='lat' dir='ltr'>Nonne</span> <span class='ocrx_word' id='word_1_54' title='bbox 441 645 741 688; x_wconf 85' lang='lat' dir='ltr'><strong>concessimus</strong></span> <span class='ocrx_word' id='word_1_55' title='bbox 752 643 905 701; x_wconf 77' lang='lat' dir='ltr'><strong>pauno</strong></span> <span class='ocrx_word' id='word_1_56' title='bbox 928 649 1032 689; x_wconf 73' lang='lat' dir='ltr'><strong>ante</strong></span> <span class='ocrx_word' id='word_1_57' title='bbox 1046 642 1228 687; x_wconf 87' lang='lat' dir='ltr'><strong>lucrum</strong></span> <span class='ocrx_word' id='word_1_58' title='bbox 1248 642 1424 695; x_wconf 83' lang='lat' dir='ltr'><strong>damno,</strong></span> 
     </span>
     <span class='ocr_line' id='line_1_9' title="bbox 44 712 832 775; baseline -0.006 -16"><span class='ocrx_word' id='word_1_59' title='bbox 44 715 215 775; x_wconf 80' lang='lat' dir='ltr'><strong>quippe</strong></span> <span class='ocrx_word' id='word_1_60' title='bbox 236 715 356 759; x_wconf 88' lang='lat' dir='ltr'><strong>malo</strong></span> <span class='ocrx_word' id='word_1_61' title='bbox 371 743 383 763; x_wconf 79' lang='lat'>,</span> <span class='ocrx_word' id='word_1_62' title='bbox 410 713 686 757; x_wconf 77' lang='lat' dir='ltr'><strong>contrarium</strong></span> <span class='ocrx_word' id='word_1_63' title='bbox 704 712 832 758; x_wconf 66' lang='lat' dir='ltr'><strong>esse?</strong></span> 
     </span>
    </p>

    <p class='ocr_par' dir='ltr' id='par_1_6' title="bbox 152 781 422 829">
     <span class='ocr_line' id='line_1_10' title="bbox 152 781 422 829; baseline 0.004 -3"><span class='ocrx_word' id='word_1_64' title='bbox 152 783 261 827; x_wconf 75' lang='lat' dir='ltr'><strong>Am.</strong></span> <span class='ocrx_word' id='word_1_65' title='bbox 319 781 422 829; x_wconf 80' lang='lat' dir='ltr'><strong>Aio.</strong></span> 
     </span>
    </p>

    <p class='ocr_par' dir='ltr' id='par_1_7' title="bbox 153 846 1426 906">
     <span class='ocr_line' id='line_1_11' title="bbox 153 846 1426 906; baseline 0 -12"><span class='ocrx_word' id='word_1_66' title='bbox 153 851 230 897; x_wconf 82' lang='lat' dir='ltr'><strong>So.</strong></span> <span class='ocrx_word' id='word_1_67' title='bbox 251 848 536 895; x_wconf 81' lang='lat' dir='ltr'><strong>Contrarium</strong></span> <span class='ocrx_word' id='word_1_68' title='bbox 548 856 697 893; x_wconf 87' lang='lat' dir='ltr'><strong>autem</strong></span> <span class='ocrx_word' id='word_1_69' title='bbox 707 861 848 906; x_wconf 84' lang='lat' dir='ltr'><strong>quum</strong></span> <span class='ocrx_word' id='word_1_70' title='bbox 861 854 974 892; x_wconf 85' lang='lat' dir='ltr'><strong>esset</strong></span> <span class='ocrx_word' id='word_1_71' title='bbox 985 847 1104 892; x_wconf 80' lang='lat' dir='ltr'><strong>malo</strong></span> <span class='ocrx_word' id='word_1_72' title='bbox 1112 846 1284 892; x_wconf 85' lang='lat' dir='ltr'><strong>bonum</strong></span> <span class='ocrx_word' id='word_1_73' title='bbox 1297 861 1392 892; x_wconf 87' lang='lat' dir='ltr'><strong>esse</strong></span> <span class='ocrx_word' id='word_1_74' title='bbox 1401 849 1426 894; x_wconf 66' lang='grc' dir='ltr'><strong>’ἓ</strong></span> 
     </span>
    </p>

    <p class='ocr_par' dir='ltr' id='par_1_8' title="bbox 155 928 801 975">
     <span class='ocr_line' id='line_1_12' title="bbox 155 928 801 975; baseline 0.003 -4"><span class='ocrx_word' id='word_1_75' title='bbox 155 928 259 971; x_wconf 89' lang='lat' dir='ltr'><strong>Am.</strong></span> <span class='ocrx_word' id='word_1_76' title='bbox 317 928 628 971; x_wconf 90' lang='lat' dir='ltr'><strong>Concessimus</strong></span> <span class='ocrx_word' id='word_1_77' title='bbox 648 940 773 975; x_wconf 59' lang='lat' dir='ltr'><strong>vero}</strong></span> <span class='ocrx_word' id='word_1_78' title='bbox 798 946 801 947; x_wconf 46' lang='lat'><em>⁷</em></span> 
     </span>
    </p>
   </div>
   <div class='ocr_carea' id='block_1_3' title="bbox 48 1000 1480 1132">
    <p class='ocr_par' dir='ltr' id='par_1_9' title="bbox 48 1000 1480 1132">
     <span class='ocr_line' id='line_1_13' title="bbox 158 1000 1480 1064; baseline -0.001 -14"><span class='ocrx_word' id='word_1_79' title='bbox 158 1000 231 1053; x_wconf 68' lang='lat' dir='ltr'><strong>So.</strong></span> <span class='ocrx_word' id='word_1_80' title='bbox 300 1005 438 1053; x_wconf 85' lang='lat' dir='ltr'><strong>&#39;Vides</strong></span> <span class='ocrx_word' id='word_1_81' title='bbox 482 1006 647 1064; x_wconf 85' lang='lat' dir='ltr'><strong>igitur:</strong></span> <span class='ocrx_word' id='word_1_82' title='bbox 705 1005 880 1050; x_wconf 88' lang='lat' dir='ltr'><strong>conaris</strong></span> <span class='ocrx_word' id='word_1_83' title='bbox 919 1020 995 1049; x_wconf 87' lang='lat' dir='ltr'><strong>me</strong></span> <span class='ocrx_word' id='word_1_84' title='bbox 1045 1004 1276 1062; x_wconf 77' lang='lat' dir='ltr'><strong>decipere,</strong></span> <span class='ocrx_word' id='word_1_85' title='bbox 1327 1006 1429 1050; x_wconf 87' lang='lat' dir='ltr'><strong>data</strong></span> <span class='ocrx_word' id='word_1_86' title='bbox 1477 1058 1480 1059; x_wconf 19' lang='lat'><em>⁷</em></span> 
     </span>
     <span class='ocr_line' id='line_1_14' title="bbox 48 1072 1428 1132; baseline 0 -16"><span class='ocrx_word' id='word_1_87' title='bbox 48 1089 185 1132; x_wconf 85' lang='lat' dir='ltr'><strong>opera</strong></span> <span class='ocrx_word' id='word_1_88' title='bbox 207 1074 432 1117; x_wconf 84' lang='lat' dir='ltr'><strong>contraria</strong></span> <span class='ocrx_word' id='word_1_89' title='bbox 455 1074 604 1116; x_wconf 88' lang='lat' dir='ltr'><strong>dicens</strong></span> <span class='ocrx_word' id='word_1_90' title='bbox 623 1089 780 1117; x_wconf 87' lang='lat' dir='ltr'><strong>eorum</strong></span> <span class='ocrx_word' id='word_1_91' title='bbox 813 1088 926 1130; x_wconf 89' lang='lat' dir='ltr'><strong>quae</strong></span> <span class='ocrx_word' id='word_1_92' title='bbox 950 1072 1086 1118; x_wconf 84' lang='lat' dir='ltr'><strong>modo</strong></span> <span class='ocrx_word' id='word_1_93' title='bbox 1116 1072 1428 1119; x_wconf 84' lang='lat' dir='ltr'><strong>concessimus.</strong></span> 
     </span>
    </p>
   </div>
   <div class='ocr_carea' id='block_1_4' title="bbox 157 1146 1429 1209">
    <p class='ocr_par' dir='ltr' id='par_1_10' title="bbox 157 1146 1429 1209">
     <span class='ocr_line' id='line_1_15' title="bbox 157 1146 1429 1209; baseline 0.002 -16"><span class='ocrx_word' id='word_1_94' title='bbox 157 1151 264 1194; x_wconf 87' lang='lat' dir='ltr'><strong>Am.</strong></span> <span class='ocrx_word' id='word_1_95' title='bbox 324 1151 678 1209; x_wconf 83' lang='lat' dir='ltr'>Haudquaquam</span> <span class='ocrx_word' id='word_1_96' title='bbox 710 1152 891 1205; x_wconf 88' lang='lat' dir='ltr'><strong>hercle,</strong></span> <span class='ocrx_word' id='word_1_97' title='bbox 920 1151 1130 1205; x_wconf 83' lang='lat' dir='ltr'><strong>Socrate,</strong></span> <span class='ocrx_word' id='word_1_98' title='bbox 1169 1151 1246 1193; x_wconf 86' lang='lat' dir='ltr'><strong>sed</strong></span> <span class='ocrx_word' id='word_1_99' title='bbox 1275 1146 1429 1195; x_wconf 86' lang='lat' dir='ltr'><strong>contra</strong></span> 
     </span>
    </p>
   </div>
   <div class='ocr_carea' id='block_1_5' title="bbox 16 1218 1431 1355">
    <p class='ocr_par' dir='ltr' id='par_1_11' title="bbox 16 1218 1431 1342">
     <span class='ocr_line' id='line_1_16' title="bbox 16 1218 1431 1293; baseline 0.002 -32.019"><span class='ocrx_word' id='word_1_100' title='bbox 16 1225 108 1275; x_wconf 69' lang='lat' dir='ltr'><strong>‘tu</strong></span> <span class='ocrx_word' id='word_1_101' title='bbox 126 1233 199 1260; x_wconf 89' lang='lat' dir='ltr'><strong>me</strong></span> <span class='ocrx_word' id='word_1_102' title='bbox 237 1218 405 1275; x_wconf 84' lang='lat' dir='ltr'><strong>decipis</strong></span> <span class='ocrx_word' id='word_1_103' title='bbox 437 1227 504 1270; x_wconf 87' lang='lat' dir='ltr'><strong>et,</strong></span> <span class='ocrx_word' id='word_1_104' title='bbox 535 1221 684 1262; x_wconf 88' lang='lat' dir='ltr'><strong>nescio</strong></span> <span class='ocrx_word' id='word_1_105' title='bbox 718 1219 964 1277; x_wconf 80' lang='lat' dir='ltr'><strong>quomodo,</strong></span> <span class='ocrx_word' id='word_1_106' title='bbox 994 1218 1046 1264; x_wconf 82' lang='lat' dir='ltr'><strong>in</strong></span> <span class='ocrx_word' id='word_1_107' title='bbox 1072 1219 1392 1293; x_wconf 82' lang='lat' dir='ltr'><strong>sermonibus</strong></span> <span class='ocrx_word' id='word_1_108' title='bbox 1378 1235 1431 1265; x_wconf 84' lang='lat' dir='ltr'><strong>m</strong></span> 
     </span>
     <span class='ocr_line' id='line_1_17' title="bbox 49 1267 700 1355; baseline -0.001 -26.048"><span class='ocrx_word' id='word_1_109' title='bbox 17 1299 203 1329; x_wconf 87' lang='lat' dir='ltr'><strong>omnes</strong></span> <span class='ocrx_word' id='word_1_110' title='bbox 227 1291 270 1355; x_wconf 81' lang='lat' dir='ltr'><strong>te</strong></span> <span class='ocrx_word' id='word_1_111' title='bbox 295 1300 376 1342; x_wconf 80' lang='lat' dir='ltr'><strong>pal</strong></span> <span class='ocrx_word' id='word_1_112' title='bbox 382 1294 443 1329; x_wconf 88' lang='lat' dir='ltr'><strong>tes</strong></span> <span class='ocrx_word' id='word_1_113' title='bbox 463 1267 700 1332; x_wconf 87' lang='lat' dir='ltr'><strong>convertis</strong></span> 
     </span>
    </p>
   </div>
   <div class='ocr_carea' id='block_1_6' title="bbox 19 1363 1432 1490">
    <p class='ocr_par' dir='ltr' id='par_1_12' title="bbox 19 1363 1432 1490">
     <span class='ocr_line' id='line_1_18' title="bbox 19 1363 1432 1422; baseline 0.001 -15"><span class='ocrx_word' id='word_1_114' title='bbox 19 1412 25 1421; x_wconf 26' lang='grc' dir='ltr'>ἴ</span> <span class='ocrx_word' id='word_1_115' title='bbox 115 1408 119 1412; x_wconf 75' lang='grc'><strong><em>,</em></strong></span> <span class='ocrx_word' id='word_1_116' title='bbox 158 1364 230 1407; x_wconf 78' lang='lat' dir='ltr'><strong>So.</strong></span> <span class='ocrx_word' id='word_1_117' title='bbox 286 1364 410 1406; x_wconf 86' lang='lat' dir='ltr'><strong>Bona</strong></span> <span class='ocrx_word' id='word_1_118' title='bbox 432 1364 582 1416; x_wconf 85' lang='lat' dir='ltr'><strong>verba,</strong></span> <span class='ocrx_word' id='word_1_119' title='bbox 611 1378 798 1421; x_wconf 88' lang='lat' dir='ltr'><strong>quaeso;</strong></span> <span class='ocrx_word' id='word_1_120' title='bbox 825 1378 972 1422; x_wconf 87' lang='lat' dir='ltr'><strong>neque</strong></span> <span class='ocrx_word' id='word_1_121' title='bbox 993 1371 1145 1407; x_wconf 77' lang='lat' dir='ltr'><strong>tamen</strong></span> <span class='ocrx_word' id='word_1_122' title='bbox 1165 1370 1288 1411; x_wconf 82' lang='lat' dir='ltr'><strong>recte</strong></span> <span class='ocrx_word' id='word_1_123' title='bbox 1306 1363 1432 1412; x_wconf 84' lang='lat' dir='ltr'><strong>face-</strong></span> 
     </span>
     <span class='ocr_line' id='line_1_19' title="bbox 47 1429 1177 1490; baseline -0.002 -15.048"><span class='ocrx_word' id='word_1_124' title='bbox 47 1445 148 1475; x_wconf 82' lang='lat' dir='ltr'><strong>rem</strong></span> <span class='ocrx_word' id='word_1_125' title='bbox 171 1433 270 1474; x_wconf 74' lang='lat' dir='ltr'><strong>viio</strong></span> <span class='ocrx_word' id='word_1_126' title='bbox 297 1431 415 1475; x_wconf 89' lang='lat' dir='ltr'><strong>bono</strong></span> <span class='ocrx_word' id='word_1_127' title='bbox 442 1440 485 1475; x_wconf 84' lang='lat' dir='ltr'><strong>et</strong></span> <span class='ocrx_word' id='word_1_128' title='bbox 501 1432 690 1490; x_wconf 82' lang='lat' dir='ltr'><strong>sapienti</strong></span> <span class='ocrx_word' id='word_1_129' title='bbox 714 1448 808 1476; x_wconf 89' lang='lat' dir='ltr'><strong>non</strong></span> <span class='ocrx_word' id='word_1_130' title='bbox 829 1429 1177 1490; x_wconf 63' lang='lat' dir='ltr'><strong>obtemperans.-</strong></span> 
     </span>
    </p>
   </div>
   <div class='ocr_carea' id='block_1_7' title="bbox 158 1511 905 1569">
    <p class='ocr_par' dir='ltr' id='par_1_13' title="bbox 158 1511 905 1569">
     <span class='ocr_line' id='line_1_20' title="bbox 158 1511 905 1569; baseline 0 -15"><span class='ocrx_word' id='word_1_131' title='bbox 158 1511 265 1555; x_wconf 83' lang='lat' dir='ltr'><strong>Am·</strong></span> <span class='ocrx_word' id='word_1_132' title='bbox 320 1511 543 1556; x_wconf 69' lang='lat' dir='ltr'><strong>Cuinam?</strong></span> <span class='ocrx_word' id='word_1_133' title='bbox 573 1520 617 1554; x_wconf 86' lang='lat' dir='ltr'><strong>et</strong></span> <span class='ocrx_word' id='word_1_134' title='bbox 634 1526 722 1569; x_wconf 88' lang='lat' dir='ltr'><strong>qua</strong></span> <span class='ocrx_word' id='word_1_135' title='bbox 741 1512 792 1554; x_wconf 85' lang='lat' dir='ltr'><strong>in</strong></span> <span class='ocrx_word' id='word_1_136' title='bbox 817 1527 869 1554; x_wconf 87' lang='lat' dir='ltr'><strong>re</strong></span> <span class='ocrx_word' id='word_1_137' title='bbox 882 1511 905 1554; x_wconf 72' lang='grc' dir='ltr'><strong>’ἓ</strong></span> 
     </span>
    </p>
   </div>
   <div class='ocr_carea' id='block_1_8' title="bbox 35 1588 1445 2659">
    <p class='ocr_par' dir='ltr' id='par_1_14' title="bbox 49 1588 1445 2454">
     <span class='ocr_line' id='line_1_21' title="bbox 161 1588 1445 1645; baseline 0.002 -12"><span class='ocrx_word' id='word_1_138' title='bbox 161 1590 254 1633; x_wconf 83' lang='lat' dir='ltr'><strong>So.-</strong></span> <span class='ocrx_word' id='word_1_139' title='bbox 291 1590 394 1633; x_wconf 84' lang='lat' dir='ltr'><strong>Civi</strong></span> <span class='ocrx_word' id='word_1_140' title='bbox 415 1606 517 1633; x_wconf 89' lang='lat' dir='ltr'><strong>meo</strong></span> <span class='ocrx_word' id='word_1_141' title='bbox 539 1598 588 1639; x_wconf 60' lang='lat' dir='ltr'><strong>et,</strong></span> <span class='ocrx_word' id='word_1_142' title='bbox 602 1598 705 1641; x_wconf 81' lang='lat' dir='ltr'><strong>tuo,</strong></span> <span class='ocrx_word' id='word_1_143' title='bbox 732 1589 952 1631; x_wconf 85' lang='lat' dir='ltr'>Pisistrati</span> <span class='ocrx_word' id='word_1_144' title='bbox 970 1604 996 1630; x_wconf 87' lang='lat' dir='ltr'><strong>a</strong></span> <span class='ocrx_word' id='word_1_145' title='bbox 1015 1588 1231 1633; x_wconf 77' lang='lat' dir='ltr'><strong>Philaidis</strong></span> <span class='ocrx_word' id='word_1_146' title='bbox 1249 1591 1445 1645; x_wconf 19' lang='lat' dir='ltr'><strong>oriundi!</strong></span> 
     </span>
     <span class='ocr_line' id='line_1_22' title="bbox 49 1654 1434 1716; baseline 0.001 -18"><span class='ocrx_word' id='word_1_147' title='bbox 49 1654 145 1698; x_wconf 79' lang='lat' dir='ltr'><strong>filio</strong></span> <span class='ocrx_word' id='word_1_148' title='bbox 159 1687 175 1707; x_wconf 93' lang='lat'>‚</span> <span class='ocrx_word' id='word_1_149' title='bbox 195 1657 488 1716; x_wconf 81' lang='lat' dir='ltr'><strong>Hipparcho,</strong></span> <span class='ocrx_word' id='word_1_150' title='bbox 516 1657 596 1713; x_wconf 90' lang='lat' dir='ltr'><strong>qui</strong></span> <span class='ocrx_word' id='word_1_151' title='bbox 613 1655 831 1698; x_wconf 81' lang='lat' dir='ltr'>Pisistrati</span> <span class='ocrx_word' id='word_1_152' title='bbox 853 1656 1054 1699; x_wconf 81' lang='lat' dir='ltr'><strong>fitiorum</strong></span> <span class='ocrx_word' id='word_1_153' title='bbox 1080 1664 1188 1698; x_wconf 85' lang='lat' dir='ltr'><strong>natu</strong></span> <span class='ocrx_word' id='word_1_154' title='bbox 1221 1665 1315 1699; x_wconf 81' lang='lat' dir='ltr'><strong>erat</strong></span> <span class='ocrx_word' id='word_1_155' title='bbox 1334 1673 1434 1700; x_wconf 86' lang='lat' dir='ltr'><strong>ma-</strong></span> 
     </span>
     <span class='ocr_line' id='line_1_23' title="bbox 52 1722 1435 1783; baseline 0.003 -19"><span class='ocrx_word' id='word_1_156' title='bbox 52 1722 205 1769; x_wconf 79' lang='lat' dir='ltr'><strong>ximus</strong></span> <span class='ocrx_word' id='word_1_157' title='bbox 231 1733 276 1767; x_wconf 85' lang='lat' dir='ltr'><strong>et</strong></span> <span class='ocrx_word' id='word_1_158' title='bbox 293 1725 668 1783; x_wconf 76' lang='lat' dir='ltr'><strong>sapientissimus3</strong></span> <span class='ocrx_word' id='word_1_159' title='bbox 699 1723 777 1779; x_wconf 88' lang='lat' dir='ltr'><strong>qui</strong></span> <span class='ocrx_word' id='word_1_160' title='bbox 800 1738 939 1779; x_wconf 88' lang='lat' dir='ltr'><strong>quum</strong></span> <span class='ocrx_word' id='word_1_161' title='bbox 958 1723 1045 1765; x_wconf 82' lang='lat' dir='ltr'><strong>alia</strong></span> <span class='ocrx_word' id='word_1_162' title='bbox 1067 1725 1209 1770; x_wconf 83' lang='lat' dir='ltr'><strong>multa</strong></span> <span class='ocrx_word' id='word_1_163' title='bbox 1231 1733 1276 1768; x_wconf 88' lang='lat' dir='ltr'><strong>et</strong></span> <span class='ocrx_word' id='word_1_164' title='bbox 1291 1741 1435 1782; x_wconf 85' lang='lat' dir='ltr'><strong>-prae-</strong></span> 
     </span>
     <span class='ocr_line' id='line_1_24' title="bbox 54 1789 1435 1848; baseline 0.004 -18"><span class='ocrx_word' id='word_1_165' title='bbox 54 1791 170 1832; x_wconf 85' lang='lat' dir='ltr'><strong>clara</strong></span> <span class='ocrx_word' id='word_1_166' title='bbox 193 1806 331 1848; x_wconf 81' lang='lat' dir='ltr'><strong>opera</strong></span> <span class='ocrx_word' id='word_1_167' title='bbox 362 1792 522 1845; x_wconf 86' lang='lat' dir='ltr'><strong>edidit,</strong></span> <span class='ocrx_word' id='word_1_168' title='bbox 548 1801 646 1835; x_wconf 77' lang='lat' dir='ltr'><strong>tum</strong></span> <span class='ocrx_word' id='word_1_169' title='bbox 677 1790 863 1834; x_wconf 84' lang='lat' dir='ltr'><strong>Homeri</strong></span> <span class='ocrx_word' id='word_1_170' title='bbox 882 1789 1083 1833; x_wconf 85' lang='lat' dir='ltr'><strong>carmina</strong></span> <span class='ocrx_word' id='word_1_171' title='bbox 1106 1790 1281 1847; x_wconf 82' lang='lat' dir='ltr'><strong>primus</strong></span> <span class='ocrx_word' id='word_1_172' title='bbox 1303 1793 1435 1836; x_wconf 82' lang='lat' dir='ltr'><strong>inve-</strong></span> 
     </span>
     <span class='ocr_line' id='line_1_25' title="bbox 53 1857 1434 1916; baseline 0.003 -18"><span class='ocrx_word' id='word_1_173' title='bbox 53 1857 124 1899; x_wconf 78' lang='lat' dir='ltr'><strong>xit</strong></span> <span class='ocrx_word' id='word_1_174' title='bbox 155 1858 201 1899; x_wconf 88' lang='lat' dir='ltr'><strong>in</strong></span> <span class='ocrx_word' id='word_1_175' title='bbox 235 1858 348 1900; x_wconf 87' lang='lat' dir='ltr'><strong>hanc</strong></span> <span class='ocrx_word' id='word_1_176' title='bbox 378 1869 568 1911; x_wconf 86' lang='lat' dir='ltr'><strong>terram,</strong></span> <span class='ocrx_word' id='word_1_177' title='bbox 601 1867 644 1901; x_wconf 89' lang='lat' dir='ltr'><strong>et</strong></span> <span class='ocrx_word' id='word_1_178' title='bbox 674 1858 920 1916; x_wconf 86' lang='lat' dir='ltr'><strong>rhapsodos</strong></span> <span class='ocrx_word' id='word_1_179' title='bbox 949 1857 1093 1914; x_wconf 75' lang='lat' dir='ltr'><strong>co‘e&#39;git</strong></span> <span class='ocrx_word' id='word_1_180' title='bbox 1115 1858 1434 1902; x_wconf 60' lang='lat' dir='ltr'><strong>Panathenaicis</strong></span> 
     </span>
     <span class='ocr_line' id='line_1_26' title="bbox 53 1925 1436 1983; baseline 0.002 -17"><span class='ocrx_word' id='word_1_181' title='bbox 53 1925 173 1967; x_wconf 85' lang='lat' dir='ltr'><strong>inter</strong></span> <span class='ocrx_word' id='word_1_182' title='bbox 199 1941 245 1967; x_wconf 88' lang='lat' dir='ltr'><strong>se</strong></span> <span class='ocrx_word' id='word_1_183' title='bbox 268 1926 544 1983; x_wconf 82' lang='lat' dir='ltr'><strong>excipientes</strong></span> <span class='ocrx_word' id='word_1_184' title='bbox 573 1925 731 1972; x_wconf 85' lang='lat' dir='ltr'><strong>ordine</strong></span> <span class='ocrx_word' id='word_1_185' title='bbox 755 1941 806 1966; x_wconf 85' lang='lat' dir='ltr'><strong>ea</strong></span> <span class='ocrx_word' id='word_1_186' title='bbox 824 1925 1037 1977; x_wconf 87' lang='lat' dir='ltr'><strong>recitare,</strong></span> <span class='ocrx_word' id='word_1_187' title='bbox 1065 1927 1182 1982; x_wconf 85' lang='lat' dir='ltr'><strong>quod</strong></span> <span class='ocrx_word' id='word_1_188' title='bbox 1209 1941 1331 1968; x_wconf 88' lang='lat' dir='ltr'><strong>nunc</strong></span> <span class='ocrx_word' id='word_1_189' title='bbox 1354 1929 1436 1969; x_wconf 86' lang='lat' dir='ltr'><strong>ad-</strong></span> 
     </span>
     <span class='ocr_line' id='line_1_27' title="bbox 53 1992 1437 2050; baseline 0 -14"><span class='ocrx_word' id='word_1_190' title='bbox 53 1993 142 2036; x_wconf 87' lang='lat' dir='ltr'><strong>huc</strong></span> <span class='ocrx_word' id='word_1_191' title='bbox 161 1994 225 2036; x_wconf 84' lang='lat' dir='ltr'><strong>illi</strong></span> <span class='ocrx_word' id='word_1_192' title='bbox 246 1993 432 2036; x_wconf 82' lang='lat' dir='ltr'><strong>faciunt.</strong></span> <span class='ocrx_word' id='word_1_193' title='bbox 453 1993 586 2035; x_wconf 85' lang='lat' dir='ltr'><strong>etiam</strong></span> <span class='ocrx_word' id='word_1_194' title='bbox 612 1992 940 2038; x_wconf 79' lang='lat' dir='ltr'><strong>Anacreontem</strong></span> <span class='ocrx_word' id='word_1_195' title='bbox 962 1993 1143 2045; x_wconf 87' lang='lat' dir='ltr'><strong>Teium,</strong></span> <span class='ocrx_word' id='word_1_196' title='bbox 1167 1993 1272 2035; x_wconf 83' lang='lat' dir='ltr'><strong>navi</strong></span> <span class='ocrx_word' id='word_1_197' title='bbox 1300 1995 1437 2050; x_wconf 87' lang='lat' dir='ltr'><strong>quin-</strong></span> 
     </span>
     <span class='ocr_line' id='line_1_28' title="bbox 56 2056 1437 2118; baseline 0.001 -16"><span class='ocrx_word' id='word_1_198' title='bbox 56 2062 267 2118; x_wconf 81' lang='lat' dir='ltr'><strong>quaginta</strong></span> <span class='ocrx_word' id='word_1_199' title='bbox 288 2060 520 2103; x_wconf 83' lang='lat' dir='ltr'><strong>remorum</strong></span> <span class='ocrx_word' id='word_1_200' title='bbox 542 2060 675 2102; x_wconf 82' lang='lat' dir='ltr'><strong>missa</strong></span> <span class='ocrx_word' id='word_1_201' title='bbox 690 2090 702 2110; x_wconf 92' lang='lat'><strong><em>‚</em></strong></span> <span class='ocrx_word' id='word_1_202' title='bbox 725 2060 854 2102; x_wconf 84' lang='lat' dir='ltr'><strong>duxit</strong></span> <span class='ocrx_word' id='word_1_203' title='bbox 875 2061 923 2102; x_wconf 88' lang='lat' dir='ltr'><strong>in</strong></span> <span class='ocrx_word' id='word_1_204' title='bbox 940 2056 1124 2110; x_wconf 54' lang='lat' dir='ltr'><strong>urbem}</strong></span> <span class='ocrx_word' id='word_1_205' title='bbox 1155 2059 1437 2104; x_wconf 78' lang='lat' dir='ltr'><strong>Simonidem</strong></span> 
     </span>
     <span class='ocr_line' id='line_1_29' title="bbox 55 2126 1437 2186; baseline 0 -15"><span class='ocrx_word' id='word_1_206' title='bbox 55 2143 166 2172; x_wconf 80' lang='lat' dir='ltr'><strong>vero</strong></span> <span class='ocrx_word' id='word_1_207' title='bbox 186 2129 327 2171; x_wconf 90' lang='lat' dir='ltr'><strong>Ceum</strong></span> <span class='ocrx_word' id='word_1_208' title='bbox 350 2142 529 2186; x_wconf 81' lang='lat' dir='ltr'><strong>semper</strong></span> <span class='ocrx_word' id='word_1_209' title='bbox 550 2127 666 2170; x_wconf 86' lang='lat' dir='ltr'><strong>circa</strong></span> <span class='ocrx_word' id='word_1_210' title='bbox 687 2143 734 2169; x_wconf 88' lang='lat' dir='ltr'><strong>se</strong></span> <span class='ocrx_word' id='word_1_211' title='bbox 754 2127 909 2170; x_wconf 87' lang='lat' dir='ltr'><strong>habuit</strong></span> <span class='ocrx_word' id='word_1_212' title='bbox 923 2158 934 2179; x_wconf 89' lang='lat'><strong><em>,</em></strong></span> <span class='ocrx_word' id='word_1_213' title='bbox 964 2126 1136 2183; x_wconf 87' lang='lat' dir='ltr'><strong>magnis</strong></span> <span class='ocrx_word' id='word_1_214' title='bbox 1155 2128 1437 2172; x_wconf 86' lang='lat' dir='ltr'><strong>mercedibus</strong></span> 
     </span>
     <span class='ocr_line' id='line_1_30' title="bbox 57 2193 1435 2252; baseline 0.001 -13"><span class='ocrx_word' id='word_1_215' title='bbox 57 2210 108 2238; x_wconf 80' lang='lat' dir='ltr'><strong>ac</strong></span> <span class='ocrx_word' id='word_1_216' title='bbox 132 2197 392 2239; x_wconf 86' lang='lat' dir='ltr'><strong>muneribus</strong></span> <span class='ocrx_word' id='word_1_217' title='bbox 424 2211 527 2237; x_wconf 89' lang='lat' dir='ltr'><strong>eum</strong></span> <span class='ocrx_word' id='word_1_218' title='bbox 558 2209 841 2252; x_wconf 86' lang='lat' dir='ltr'><strong>permovens.</strong></span> <span class='ocrx_word' id='word_1_219' title='bbox 866 2193 975 2236; x_wconf 85' lang='lat' dir='ltr'><strong>haec</strong></span> <span class='ocrx_word' id='word_1_220' title='bbox 1002 2202 1151 2236; x_wconf 86' lang='lat' dir='ltr'><strong>autem</strong></span> <span class='ocrx_word' id='word_1_221' title='bbox 1177 2193 1285 2238; x_wconf 86' lang='lat' dir='ltr'><strong>fecit:</strong></span> <span class='ocrx_word' id='word_1_222' title='bbox 1316 2198 1435 2240; x_wconf 77' lang='lat' dir='ltr'><strong>cives</strong></span> 
     </span>
     <span class='ocr_line' id='line_1_31' title="bbox 57 2262 1437 2323; baseline 0.001 -18"><span class='ocrx_word' id='word_1_223' title='bbox 57 2263 364 2316; x_wconf 82' lang='lat' dir='ltr'><strong>instituturus,</strong></span> <span class='ocrx_word' id='word_1_224' title='bbox 392 2272 442 2307; x_wconf 85' lang='lat' dir='ltr'><strong>ut</strong></span> <span class='ocrx_word' id='word_1_225' title='bbox 468 2277 602 2319; x_wconf 85' lang='lat' dir='ltr'><strong>quam</strong></span> <span class='ocrx_word' id='word_1_226' title='bbox 626 2262 807 2320; x_wconf 86' lang='lat' dir='ltr'><strong>optimis</strong></span> <span class='ocrx_word' id='word_1_227' title='bbox 831 2263 1099 2323; x_wconf 81' lang='lat' dir='ltr'><strong>imperaret,</strong></span> <span class='ocrx_word' id='word_1_228' title='bbox 1131 2277 1225 2305; x_wconf 85' lang='lat' dir='ltr'><strong>non</strong></span> <span class='ocrx_word' id='word_1_229' title='bbox 1245 2264 1437 2308; x_wconf 84' lang='lat' dir='ltr'><strong>arbitra·</strong></span> 
     </span>
     <span class='ocr_line' id='line_1_32' title="bbox 58 2329 1438 2389; baseline 0.002 -17"><span class='ocrx_word' id='word_1_230' title='bbox 58 2338 130 2373; x_wconf 86' lang='lat' dir='ltr'><strong>tus</strong></span> <span class='ocrx_word' id='word_1_231' title='bbox 162 2332 369 2389; x_wconf 83' lang='lat' dir='ltr'><strong>cuiquam</strong></span> <span class='ocrx_word' id='word_1_232' title='bbox 400 2329 705 2388; x_wconf 83' lang='lat' dir='ltr'><strong>denegandam</strong></span> <span class='ocrx_word' id='word_1_233' title='bbox 738 2345 831 2372; x_wconf 87' lang='lat' dir='ltr'><strong>esse</strong></span> <span class='ocrx_word' id='word_1_234' title='bbox 852 2330 1146 2388; x_wconf 75' lang='lat' dir='ltr'><strong>sapientiam,</strong></span> <span class='ocrx_word' id='word_1_235' title='bbox 1172 2331 1342 2388; x_wconf 80' lang='lat' dir='ltr'><strong>quippe</strong></span> <span class='ocrx_word' id='word_1_236' title='bbox 1358 2332 1438 2389; x_wconf 87' lang='lat' dir='ltr'><strong>qui</strong></span> 
     </span>
     <span class='ocr_line' id='line_1_33' title="bbox 59 2396 1436 2454; baseline 0.002 -15"><span class='ocrx_word' id='word_1_237' title='bbox 59 2396 274 2442; x_wconf 85' lang='lat' dir='ltr'><strong>honestus</strong></span> <span class='ocrx_word' id='word_1_238' title='bbox 306 2415 356 2442; x_wconf 90' lang='lat' dir='ltr'><strong>ac</strong></span> <span class='ocrx_word' id='word_1_239' title='bbox 373 2399 520 2441; x_wconf 89' lang='lat' dir='ltr'><strong>bonus</strong></span> <span class='ocrx_word' id='word_1_240' title='bbox 543 2398 694 2442; x_wconf 86' lang='lat' dir='ltr'><strong>fuerit.</strong></span> <span class='ocrx_word' id='word_1_241' title='bbox 722 2406 959 2454; x_wconf 86' lang='lat' dir='ltr'><strong>postquam</strong></span> <span class='ocrx_word' id='word_1_242' title='bbox 982 2413 1090 2440; x_wconf 91' lang='lat' dir='ltr'><strong>vero</strong></span> <span class='ocrx_word' id='word_1_243' title='bbox 1116 2398 1234 2440; x_wconf 80' lang='lat' dir='ltr'><strong>cives</strong></span> <span class='ocrx_word' id='word_1_244' title='bbox 1256 2399 1304 2441; x_wconf 88' lang='lat' dir='ltr'><strong>in</strong></span> <span class='ocrx_word' id='word_1_245' title='bbox 1325 2403 1436 2442; x_wconf 80' lang='lat' dir='ltr'><strong>urbe</strong></span> 
     </span>
    </p>

    <p class='ocr_par' dir='ltr' id='par_1_15' title="bbox 35 2463 1438 2659">
     <span class='ocr_line' id='line_1_34' title="bbox 35 2463 1438 2524; baseline 0.003 -18"><span class='ocrx_word' id='word_1_246' title='bbox 35 2463 253 2508; x_wconf 85' lang='lat' dir='ltr'><strong>·instituti</strong></span> <span class='ocrx_word' id='word_1_247' title='bbox 277 2476 403 2510; x_wconf 82' lang='lat' dir='ltr'><strong>erant</strong></span> <span class='ocrx_word' id='word_1_248' title='bbox 425 2467 606 2523; x_wconf 84' lang='lat' dir='ltr'><strong>eiusque</strong></span> <span class='ocrx_word' id='word_1_249' title='bbox 633 2465 896 2522; x_wconf 81' lang='lat' dir='ltr'><strong>sapientiam</strong></span> <span class='ocrx_word' id='word_1_250' title='bbox 925 2465 1282 2517; x_wconf 81' lang='lat' dir='ltr'><strong>admirabantur,</strong></span> <span class='ocrx_word' id='word_1_251' title='bbox 1312 2468 1438 2524; x_wconf 82' lang='lat' dir='ltr'><strong>cogi-</strong></span> 
     </span>
     <span class='ocr_line' id='line_1_35' title="bbox 60 2533 1437 2578; baseline 0.004 -5"><span class='ocrx_word' id='word_1_252' title='bbox 60 2540 158 2574; x_wconf 86' lang='lat' dir='ltr'><strong>tans</strong></span> <span class='ocrx_word' id='word_1_253' title='bbox 194 2533 330 2578; x_wconf 70' lang='lat' dir='ltr'><strong>etIam</strong></span> <span class='ocrx_word' id='word_1_254' title='bbox 360 2533 564 2576; x_wconf 88' lang='lat' dir='ltr'><strong>homines</strong></span> <span class='ocrx_word' id='word_1_255' title='bbox 602 2533 700 2575; x_wconf 83' lang='lat' dir='ltr'><strong>ruri</strong></span> <span class='ocrx_word' id='word_1_256' title='bbox 733 2533 933 2576; x_wconf 82' lang='lat' dir='ltr'><strong>viventes</strong></span> <span class='ocrx_word' id='word_1_257' title='bbox 970 2533 1204 2576; x_wconf 81' lang='lat' dir='ltr'><strong>instituere</strong></span> <span class='ocrx_word' id='word_1_258' title='bbox 1248 2535 1437 2578; x_wconf 82' lang='lat' dir='ltr'><strong>Hermas</strong></span> 
     </span>
     <span class='ocr_line' id='line_1_36' title="bbox 62 2600 1437 2659; baseline 0.003 -18"><span class='ocrx_word' id='word_1_259' title='bbox 62 2600 213 2655; x_wconf 87' lang='lat' dir='ltr'><strong>posuit</strong></span> <span class='ocrx_word' id='word_1_260' title='bbox 242 2602 295 2647; x_wconf 84' lang='lat' dir='ltr'><strong>in</strong></span> <span class='ocrx_word' id='word_1_261' title='bbox 325 2601 412 2645; x_wconf 86' lang='lat' dir='ltr'><strong>viis</strong></span> <span class='ocrx_word' id='word_1_262' title='bbox 442 2600 491 2643; x_wconf 85' lang='lat' dir='ltr'><strong>in</strong></span> <span class='ocrx_word' id='word_1_263' title='bbox 523 2601 673 2644; x_wconf 85' lang='lat' dir='ltr'><strong>medio</strong></span> <span class='ocrx_word' id='word_1_264' title='bbox 696 2600 817 2643; x_wconf 88' lang='lat' dir='ltr'><strong>urbis</strong></span> <span class='ocrx_word' id='word_1_265' title='bbox 846 2609 888 2644; x_wconf 88' lang='lat' dir='ltr'><strong>et</strong></span> <span class='ocrx_word' id='word_1_266' title='bbox 906 2614 1123 2659; x_wconf 83' lang='lat' dir='ltr'><strong>pagorum</strong></span> <span class='ocrx_word' id='word_1_267' title='bbox 1142 2601 1437 2659; x_wconf 83' lang='lat' dir='ltr'><strong>singulorum,</strong></span> 
     </span>
    </p>
   </div>
  </div>
 </body>
</html>
