1734 2872
538 140 1044 218 ,R14vALEs
1152 186 1163 192 ,,
1418 154 1512 194 369

137 261 462 319 >nolus-praeter
495 259 637 305 animi
668 259 765 303 mei·
783 260 1056 306 :sententiam
1093 261 1382 313 contendere,
1435 265 1514 308 sed

132 328 336 376 -concedo
348 342 440 373 non
451 327 715 383 multas,›sed
733 327 982 371 moderatas
995 329 1334 373 exercitationes
1343 330 1512 386 bonum

127 394 399 441 hominibus
428 393 603 436 efficere
633 393 856 441 habitum.
905 392 1037 451 Quid
1064 409 1174 436 vero
1200 396 1319 440 cibi?
1354 400 1513 443 mode..

125 463 266 514 *ratu
295 472 352 505 '811
378 461 556 507 multi?
595 461 808 518 inquam.
844 502 849 507 ,
882 461 1032 504 Etiam
1072 461 1194 504 cibos
1236 466 1515 512 concedebat·
1554 478 1556 489 ²

123 531 375 579 *Praeterea
400 544 480 587 ego
501 544 604 573 eum
637 529 806 572 adduxi
828 537 877 571 ut
897 529 1162 572 concederet
1182 530 1313 574 etiam
1340 534 1516 591 reliqua

125 595 365 658 *omniaad
383 601 547 655 corpus
570 597 821 656 spectantia
841 596 878 638 si
901 596 1130 646 moderata
1153 607 1295 641 essent
1314 602 1514 646 maxime

122 662 412 724 conducere,
437 681 527 708 non
550 665 589 708 si
615 666 756 708 multa
777 666 848 708 vel
871 679 1012 720 pauca
1036 672 1207 719 essent3
1237 676 1280 710 et
1298 670 1516 720 concessit

137 733 252 784 mihi
273 732 500 777 moderata
527 732 792 776 conducere.
849 731 975 790 Quid
991 747 1101 775 vero
1117 764 1130 785 ,
1156 732 1367 790 inquam,
1398 751 1513 792 quae

136 800 193 845 ad
218 802 419 844 animum
440 792 676 858 spectant?
713 808 867 843 utrum
887 799 1115 842 moderata
1132 811 1321 857 prosunt
1341 799 1398 845 an
1417 804 1512 846 im·-

134 869 367 912 moderata
416 882 530 926 quae
565 868 613 910 >ei
654 866 962 913 adhibentur?
1025 867 1283 919 Moderata,
1349 870 1510 927 inquit.

135 937 301 980 Nonne
328 935 385 978 in
406 933 463 978 iis
493 950 606 992 quae
633 935 787 978 animo
811 932 1083 977 adhibentur
1103 935 1236 977 etiam
1256 945 1361 979 sunt
1380 938 1515 982 disci-

137 1003 319 1062 plinae?
377 1001 619 1045 Concessit.
677 1001 823 1059 Igitur
856 1000 1020 1044 harum
1056 1016 1230 1059 quoque
1259 1003 1514 1048 moderatae

135 1077 353 1129 prosunt,
403 1083 497 1113 non
540 1069 743 1114 multae?
801 1068 1013 1111 Assensit.
1078 1069 1334 1127 Quemnam
1373 1070 1514 1128 igitur

88 1155 91 1158 ’
117 1138 462 1193 ‘interrogantes
494 1135 595 1183 iure
623 1137 950 1193 interogemus,
986 1138 1140 1193 quales
1162 1136 1337 1180 labores
1361 1146 1406 1181 et
1422 1139 1513 1183 cibi

115 1203 354 1252 ,moderati
373 1203 463 1246 sint
482 1204 536 1246 ad
560 1204 756 1261 corpus?
814 1203 1236 1249 concessimus-tres
1246 1235 1262 1254 ,
1285 1203 1513 1251 medicum

134 1272 208 1315 vel
220 1270 472 1330 'palaestrae
489 1271 767 1328 magistrum.
800 1269 950 1326 Quem
971 1284 1080 1311 vero
1100 1269 1155 1312 de
1175 1270 1418 1315 seminibus
1438 1289 1515 1317 se-

133 1338 286 1384 rendis
299 1369 325 1397 ‚,
347 1347 561 1394 quantum
580 1335 970 1382 sitmoderatum?
1011 1335 1158 1381 Etiam
1182 1335 1268 1380 hoc
1288 1341 1513 1384 concessi-⁴

110 1422 263 1459 -mus,
299 1406 539 1463 agricolam
568 1420 661 1449 esse
691 1404 1079 1460 interrogandum.
1139 1403 1394 1463 Quemnam
1420 1424 1510 1452 au·-

112 1483 229 1522 stem
270 1471 325 1515 de
366 1472 611 1532 disciplinis
635 1474 687 1516 in
715 1474 917 1515 animum
945 1471 1196 1529 plantandis
1227 1488 1278 1515 ac
1305 1476 1509 1519 serendis

133 1542 235 1587 iure
253 1542 599 1598 interrogemus,
627 1549 736 1597 quot
754 1551 797 1585 et
817 1540 967 1597 quales
990 1538 1080 1582 sint
1102 1540 1390 1584 moderatae?
1423 1543 1508 1586 Hic

130 1611 223 1654 <iam
246 1607 519 1652 dubitatione
544 1604 668 1663 pleni
688 1623 864 1650 eramus
884 1620 1059 1650 omnes.⁴
1089 1613 1223 1663 atque
1246 1621 1327 1663 ego
1358 1609 1508 1654 iocans

123 1694 210 1720 eos
231 1677 388 1734 rogavi
411 1675 640 1727 Voltisne,
667 1674 875 1730 inquam,
920 1669 1132 1730 quoniam
1158 1688 1238 1715 nos
1260 1674 1309 1717 in
1332 1675 1509 1720 dubita-

134 1745 255 1787 tione
292 1757 548 1794 versamur,
592 1741 677 1784 hos
707 1741 1003 1785 adolescentes
1039 1739 1400 1797 interrogemus?
1450 1760 1510 1788 an

112 1811 322 1865 [fortasse
346 1809 433 1851 hoc
467 1825 548 1852 nos
576 1810 739 1866 pudet,
766 1806 1164 1865 quemadmodum
1190 1806 1417 1854 Homerus
1446 1813 1510 1856 ait

136 1892 296 1935 procos
327 1877 520 1918 noluisse
548 1876 688 1918 alium
718 1891 853 1933 quem
884 1891 978 1919 esse
999 1874 1077 1932 qui
1103 1873 1339 1920 intendere
1357 1887 1512 1936 posset

134 1959 304 1988 arcum.

246 2010 478 2068 Quoniam
512 2025 620 2052 vero
653 2009 764 2053 mihi
784 2010 1049 2051 videbantur
1070 2009 1307 2068 desperare
1328 2012 1383 2055 de
1403 2020 1512 2057 ora-³

134 2079 256 2122 tione
269 2110 285 2129 ,
308 2077 396 2119 alio
422 2076 615 2119 conabar
636 2077 769 2120 modo
788 2076 1027 2133 anquirere
1046 2084 1176 2132 atque
1195 2077 1325 2121 dixi?
1355 2078 1508 2138 Quas-

134 2162 240 2189 nam
269 2144 554 2203 potissimum
585 2145 862 2202 suspicamur
896 2143 1151 2200 disciplinas
1177 2159 1270 2187 esse
1292 2160 1399 2201 quas
1424 2149 1506 2201 ad·-

135 2213 304 2256 discere
323 2218 526 2269 oporteat
547 2224 649 2253 eum
671 2211 748 2267 qui
776 2209 1140 2269 philosophetur,
1174 2213 1385 2268 quoniam
1413 2229 1505 2258 non

107 2288 288 2324 (omues
318 2295 401 2322 nec
431 2280 589 2322 multas
620 2277 843 2321 addiscere
873 2294 977 2321 eum
1010 2280 1218 2336 oportet?
1277 2280 1396 2322 Tum
1427 2297 1504 2323 sa-

134 2347 328 2405 pientior
359 2361 611 2390 sermonem
641 2346 884 2403 suscipiens
911 2345 1145 2404 respondit
1177 2346 1503 2406 pulcherrimas

135 2413 215 2456 has
243 2429 336 2455 esse
369 2413 623 2471 disciplinas
658 2421 703 2456 et
732 2413 1070 2464 convenientes,
1110 2413 1227 2455 unde
1257 2415 1503 2458 maximam

134 2480 294 2535 aliquis
328 2479 511 2536 gloriam
546 2490 890 2538 consequeretur
922 2481 967 2522 in
1002 2479 1309 2538 philosophia,·
1352 2483 1502 2523 maxi-

135 2563 254 2590 mam
294 2564 399 2588 vero
432 2549 616 2603 gloriam
642 2565 744 2591 eum
766 2547 971 2604 consequi
990 2581 998 2596 ‚
1028 2548 1062 2589 si
1089 2546 1315 2591 videi-euu-
1336 2550 1502 2592 artium

134 2615 306 2671 peritus
328 2631 419 2656 esse
440 2616 666 2668 omnium,
692 2617 761 2659 sin
782 2616 953 2667 miuus,
983 2631 1111 2672 quam
1137 2616 1435 2671 plurimarum
1460 2624 1502 2658 et

193 2687 303 2722 Τυηι.
333 2686 445 2724 Vlll.
1114 2683 1154 2725 A
1176 2699 1200 2725 a
