<?xml version="1.0" encoding="UTF-8"?>
<!DOCTYPE html PUBLIC "-//W3C//DTD XHTML 1.0 Transitional//EN"
    "http://www.w3.org/TR/xhtml1/DTD/xhtml1-transitional.dtd">
<html xmlns="http://www.w3.org/1999/xhtml" xml:lang="en" lang="en">
 <head>
  <title>
</title>
<meta http-equiv="Content-Type" content="text/html;charset=utf-8" />
  <meta name='ocr-system' content='tesseract 3.04.00' />
  <meta name='ocr-capabilities' content='ocr_page ocr_carea ocr_par ocr_line ocrx_word'/>
</head>
<body>
  <div class='ocr_page' id='page_1' title='image "./quaeexstantopera08platuoft_0511.png"; bbox 0 0 1696 2898; ppageno 0'>
   <div class='ocr_carea' id='block_1_1' title="bbox 590 184 1499 259">
    <p class='ocr_par' dir='ltr' id='par_1_1' title="bbox 590 184 1499 259">
     <span class='ocr_line' id='line_1_1' title="bbox 590 184 1499 259; baseline 0.009 -35.368"><span class='ocrx_word' id='word_1_1' title='bbox 590 184 1024 259; x_wconf 67' lang='grc' dir='ltr'><strong>ΒΑΟῌΕδ.</strong></span> <span class='ocrx_word' id='word_1_2' title='bbox 1404 197 1499 234; x_wconf 83' lang='grc'><strong>503</strong></span> 
     </span>
    </p>
   </div>
   <div class='ocr_carea' id='block_1_2' title="bbox 131 299 1498 413">
    <p class='ocr_par' dir='ltr' id='par_1_2' title="bbox 131 299 1498 413">
     <span class='ocr_line' id='line_1_2' title="bbox 132 299 1498 377; baseline 0.003 -33"><span class='ocrx_word' id='word_1_3' title='bbox 132 309 183 344; x_wconf 84' lang='lat' dir='ltr'><strong>tu</strong></span> <span class='ocrx_word' id='word_1_4' title='bbox 203 299 324 377; x_wconf 83' lang='lat' dir='ltr'><strong>dicis,</strong></span> <span class='ocrx_word' id='word_1_5' title='bbox 353 300 624 370; x_wconf 86' lang='lat' dir='ltr'><strong>quicumque</strong></span> <span class='ocrx_word' id='word_1_6' title='bbox 645 301 696 346; x_wconf 85' lang='lat' dir='ltr'><strong>in</strong></span> <span class='ocrx_word' id='word_1_7' title='bbox 716 299 874 343; x_wconf 80' lang='lat' dir='ltr'><strong>ordine</strong></span> <span class='ocrx_word' id='word_1_8' title='bbox 895 314 1080 345; x_wconf 87' lang='lat' dir='ltr'><strong>manens</strong></span> <span class='ocrx_word' id='word_1_9' title='bbox 1100 310 1271 377; x_wconf 82' lang='lat' dir='ltr'>pugnat</span> <span class='ocrx_word' id='word_1_10' title='bbox 1289 302 1498 352; x_wconf 80' lang='lat' dir='ltr'><strong>adversus</strong></span> 
     </span>
     <span class='ocr_line' id='line_1_3' title="bbox 131 351 1049 413; baseline 0.007 -5"><span class='ocrx_word' id='word_1_11' title='bbox 131 351 298 413; x_wconf 65' lang='lat' dir='ltr'><strong>h&#39;osfes</strong></span> <span class='ocrx_word' id='word_1_12' title='bbox 354 363 357 367; x_wconf 50' lang='lat'><strong><em>⁴</em></strong></span> <span class='ocrx_word' id='word_1_13' title='bbox 1046 384 1049 389; x_wconf 88' lang='lat'>·</span> 
     </span>
    </p>
   </div>
   <div class='ocr_carea' id='block_1_3' title="bbox 232 431 781 520">
    <p class='ocr_par' dir='ltr' id='par_1_3' title="bbox 232 431 781 520">
     <span class='ocr_line' id='line_1_4' title="bbox 232 431 781 520; baseline -0.004 -11.982"><span class='ocrx_word' id='word_1_14' title='bbox 232 462 326 508; x_wconf 81' lang='lat' dir='ltr'><strong>La.</strong></span> <span class='ocrx_word' id='word_1_15' title='bbox 371 431 612 520; x_wconf 82' lang='lat' dir='ltr'><strong>Equidem</strong></span> <span class='ocrx_word' id='word_1_16' title='bbox 627 465 713 519; x_wconf 77' lang='lat' dir='ltr'><strong>aio.</strong></span> <span class='ocrx_word' id='word_1_17' title='bbox 740 440 743 443; x_wconf 11' lang='grc' dir='ltr'>μ</span> <span class='ocrx_word' id='word_1_18' title='bbox 779 440 781 442; x_wconf 12' lang='lat' dir='ltr'><strong>V</strong></span> 
     </span>
    </p>
   </div>
   <div class='ocr_carea' id='block_1_4' title="bbox 98 542 1493 687">
    <p class='ocr_par' dir='ltr' id='par_1_4' title="bbox 98 542 1493 687">
     <span class='ocr_line' id='line_1_5' title="bbox 188 542 1493 626; baseline 0.006 -21.305"><span class='ocrx_word' id='word_1_19' title='bbox 188 556 308 606; x_wconf 80' lang='lat' dir='ltr'><strong>So.</strong></span> <span class='ocrx_word' id='word_1_20' title='bbox 364 542 515 621; x_wconf 86' lang='lat' dir='ltr'>Atque</span> <span class='ocrx_word' id='word_1_21' title='bbox 548 563 683 607; x_wconf 85' lang='lat' dir='ltr'><strong>etiam</strong></span> <span class='ocrx_word' id='word_1_22' title='bbox 709 557 822 621; x_wconf 59' lang='lat' dir='ltr'><strong>ego}</strong></span> <span class='ocrx_word' id='word_1_23' title='bbox 868 571 911 606; x_wconf 84' lang='lat' dir='ltr'><strong>at</strong></span> <span class='ocrx_word' id='word_1_24' title='bbox 937 563 1045 620; x_wconf 87' lang='lat' dir='ltr'><strong>quid</strong></span> <span class='ocrx_word' id='word_1_25' title='bbox 1073 565 1179 618; x_wconf 86' lang='lat' dir='ltr'><strong>iste,</strong></span> <span class='ocrx_word' id='word_1_26' title='bbox 1219 567 1296 623; x_wconf 91' lang='lat' dir='ltr'><strong>qui</strong></span> <span class='ocrx_word' id='word_1_27' title='bbox 1319 566 1493 626; x_wconf 80' lang='lat' dir='ltr'>fugiens</span> 
     </span>
     <span class='ocr_line' id='line_1_6' title="bbox 98 630 1089 687; baseline 0.003 -16"><span class='ocrx_word' id='word_1_28' title='bbox 98 640 102 643; x_wconf 74' lang='grc'>’</span> <span class='ocrx_word' id='word_1_29' title='bbox 125 636 298 687; x_wconf 74' lang='lat' dir='ltr'><strong>pugnat</strong></span> <span class='ocrx_word' id='word_1_30' title='bbox 312 630 521 675; x_wconf 87' lang='lat' dir='ltr'><strong>adversus</strong></span> <span class='ocrx_word' id='word_1_31' title='bbox 539 631 688 676; x_wconf 81' lang='lat' dir='ltr'><strong>hostes</strong></span> <span class='ocrx_word' id='word_1_32' title='bbox 701 662 716 686; x_wconf 88' lang='lat'>,</span> <span class='ocrx_word' id='word_1_33' title='bbox 755 645 847 672; x_wconf 90' lang='lat' dir='ltr'><strong>non</strong></span> <span class='ocrx_word' id='word_1_34' title='bbox 868 632 1089 674; x_wconf 75' lang='lat' dir='ltr'><strong>manens?</strong></span> 
     </span>
    </p>
   </div>
   <div class='ocr_carea' id='block_1_5' title="bbox 234 727 863 786">
    <p class='ocr_par' dir='ltr' id='par_1_5' title="bbox 234 727 863 786">
     <span class='ocr_line' id='line_1_7' title="bbox 234 727 863 786; baseline 0.005 -16"><span class='ocrx_word' id='word_1_35' title='bbox 234 727 324 770; x_wconf 74' lang='lat' dir='ltr'><strong>La.</strong></span> <span class='ocrx_word' id='word_1_36' title='bbox 381 727 625 786; x_wconf 84' lang='lat' dir='ltr'>Quomodo</span> <span class='ocrx_word' id='word_1_37' title='bbox 654 727 863 785; x_wconf 67' lang='lat' dir='ltr'><strong>fugiens?</strong></span> 
     </span>
    </p>
   </div>
   <div class='ocr_carea' id='block_1_6' title="bbox 90 823 1493 1250">
    <p class='ocr_par' dir='ltr' id='par_1_6' title="bbox 90 823 1493 1218">
     <span class='ocr_line' id='line_1_8' title="bbox 234 823 1492 885; baseline 0.005 -20"><span class='ocrx_word' id='word_1_38' title='bbox 234 823 315 866; x_wconf 67' lang='lat' dir='ltr'><strong>So:</strong></span> <span class='ocrx_word' id='word_1_39' title='bbox 367 823 756 883; x_wconf 83' lang='lat' dir='ltr'><strong>Quemadmodum</strong></span> <span class='ocrx_word' id='word_1_40' title='bbox 776 823 967 885; x_wconf 82' lang='lat' dir='ltr'><strong>Scythae</strong></span> <span class='ocrx_word' id='word_1_41' title='bbox 988 829 1164 882; x_wconf 77' lang='lat' dir='ltr'><strong>quoque</strong></span> <span class='ocrx_word' id='word_1_42' title='bbox 1183 824 1492 872; x_wconf 80' lang='lat' dir='ltr'><strong>dicunturnon</strong></span> 
     </span>
     <span class='ocr_line' id='line_1_9' title="bbox 121 890 1493 951; baseline 0.002 -16"><span class='ocrx_word' id='word_1_43' title='bbox 121 891 271 935; x_wconf 87' lang='lat' dir='ltr'><strong>minus</strong></span> <span class='ocrx_word' id='word_1_44' title='bbox 299 892 521 951; x_wconf 86' lang='lat' dir='ltr'><strong>fugientes</strong></span> <span class='ocrx_word' id='word_1_45' title='bbox 550 906 682 949; x_wconf 91' lang='lat' dir='ltr'><strong>quam</strong></span> <span class='ocrx_word' id='word_1_46' title='bbox 709 901 1026 950; x_wconf 83' lang='lat' dir='ltr'><strong>persequentes</strong></span> <span class='ocrx_word' id='word_1_47' title='bbox 1059 903 1260 951; x_wconf 87' lang='lat' dir='ltr'><strong>pugnare</strong></span> <span class='ocrx_word' id='word_1_48' title='bbox 1271 921 1284 946; x_wconf 83' lang='lat'>,</span> <span class='ocrx_word' id='word_1_49' title='bbox 1324 902 1368 936; x_wconf 86' lang='lat' dir='ltr'><strong>et</strong></span> <span class='ocrx_word' id='word_1_50' title='bbox 1398 890 1493 938; x_wconf 91' lang='lat' dir='ltr'><strong>Ho-</strong></span> 
     </span>
     <span class='ocr_line' id='line_1_10' title="bbox 121 958 1491 1016; baseline 0.002 -16"><span class='ocrx_word' id='word_1_51' title='bbox 121 973 274 1002; x_wconf 86' lang='lat' dir='ltr'><strong>merus</strong></span> <span class='ocrx_word' id='word_1_52' title='bbox 304 966 410 1002; x_wconf 86' lang='lat' dir='ltr'><strong>sane</strong></span> <span class='ocrx_word' id='word_1_53' title='bbox 430 960 610 1003; x_wconf 87' lang='lat' dir='ltr'><strong>Aeneae</strong></span> <span class='ocrx_word' id='word_1_54' title='bbox 628 958 980 1016; x_wconf 46' lang='grc' dir='ltr'><strong>ι(ιςιιοειΙξιιιὲΙειιιε</strong></span> <span class='ocrx_word' id='word_1_55' title='bbox 1011 975 1035 1001; x_wconf 92' lang='lat' dir='ltr'><strong>c</strong></span> <span class='ocrx_word' id='word_1_56' title='bbox 1048 960 1097 1001; x_wconf 88' lang='lat' dir='ltr'><strong>el</strong></span> <span class='ocrx_word' id='word_1_57' title='bbox 1110 975 1133 1001; x_wconf 91' lang='lat' dir='ltr'><strong>e</strong></span> <span class='ocrx_word' id='word_1_58' title='bbox 1144 960 1192 1015; x_wconf 77' lang='lat' dir='ltr'><strong>ri</strong></span> <span class='ocrx_word' id='word_1_59' title='bbox 1205 968 1223 1002; x_wconf 91' lang='lat' dir='ltr'><strong>t</strong></span> <span class='ocrx_word' id='word_1_60' title='bbox 1230 975 1260 1014; x_wconf 69' lang='lat' dir='ltr'><strong>e</strong></span> <span class='ocrx_word' id='word_1_61' title='bbox 1269 973 1294 1002; x_wconf 87' lang='lat' dir='ltr'><strong>r</strong></span> <span class='ocrx_word' id='word_1_62' title='bbox 1319 959 1352 1001; x_wconf 88' lang='lat' dir='ltr'><strong>h</strong></span> <span class='ocrx_word' id='word_1_63' title='bbox 1362 961 1378 1002; x_wconf 86' lang='lat' dir='ltr'><strong>i</strong></span> <span class='ocrx_word' id='word_1_64' title='bbox 1389 976 1413 1002; x_wconf 93' lang='lat' dir='ltr'><strong>c</strong></span> <span class='ocrx_word' id='word_1_65' title='bbox 1437 977 1461 1003; x_wconf 90' lang='lat' dir='ltr'><strong>e</strong></span> <span class='ocrx_word' id='word_1_66' title='bbox 1471 971 1491 1004; x_wconf 86' lang='lat' dir='ltr'><strong>t</strong></span> 
     </span>
     <span class='ocr_line' id='line_1_11' title="bbox 120 1025 1490 1085; baseline 0.003 -18"><span class='ocrx_word' id='word_1_67' title='bbox 120 1026 215 1069; x_wconf 85' lang='lat' dir='ltr'><strong>illi</strong></span> <span class='ocrx_word' id='word_1_68' title='bbox 231 1042 255 1067; x_wconf 91' lang='lat' dir='ltr'><strong>c</strong></span> <span class='ocrx_word' id='word_1_69' title='bbox 283 1028 401 1070; x_wconf 78' lang='lat' dir='ltr'><strong>dixit</strong></span> <span class='ocrx_word' id='word_1_70' title='bbox 421 1042 493 1069; x_wconf 85' lang='lat' dir='ltr'><strong>eos</strong></span> <span class='ocrx_word' id='word_1_71' title='bbox 515 1027 629 1069; x_wconf 85' lang='lat' dir='ltr'><strong>scire</strong></span> <span class='ocrx_word' id='word_1_72' title='bbox 654 1042 687 1084; x_wconf 90' lang='lat' dir='ltr'><strong>p</strong></span> <span class='ocrx_word' id='word_1_73' title='bbox 702 1041 788 1069; x_wconf 87' lang='lat' dir='ltr'><strong>ers</strong></span> <span class='ocrx_word' id='word_1_74' title='bbox 801 1042 864 1084; x_wconf 92' lang='lat' dir='ltr'><strong>eq</strong></span> <span class='ocrx_word' id='word_1_75' title='bbox 877 1027 937 1070; x_wconf 86' lang='lat' dir='ltr'><strong>ui</strong></span> <span class='ocrx_word' id='word_1_76' title='bbox 960 1041 1029 1069; x_wconf 89' lang='lat' dir='ltr'><strong>au</strong></span> <span class='ocrx_word' id='word_1_77' title='bbox 1042 1035 1062 1070; x_wconf 83' lang='lat' dir='ltr'><strong>t</strong></span> <span class='ocrx_word' id='word_1_78' title='bbox 1086 1025 1148 1068; x_wconf 80' lang='lat' dir='ltr'><strong>fu</strong></span> <span class='ocrx_word' id='word_1_79' title='bbox 1158 1040 1255 1084; x_wconf 82' lang='lat' dir='ltr'><strong>ger</strong></span> <span class='ocrx_word' id='word_1_80' title='bbox 1270 1041 1307 1070; x_wconf 88' lang='lat' dir='ltr'><strong>e.</strong></span> <span class='ocrx_word' id='word_1_81' title='bbox 1346 1036 1393 1071; x_wconf 86' lang='lat' dir='ltr'><strong>et</strong></span> <span class='ocrx_word' id='word_1_82' title='bbox 1415 1029 1490 1085; x_wconf 84' lang='lat' dir='ltr'><strong>ip-</strong></span> 
     </span>
     <span class='ocr_line' id='line_1_12' title="bbox 116 1093 1491 1155; baseline 0.003 -21.009"><span class='ocrx_word' id='word_1_83' title='bbox 116 1107 221 1155; x_wconf 85' lang='lat' dir='ltr'><strong>sum</strong></span> <span class='ocrx_word' id='word_1_84' title='bbox 241 1093 441 1138; x_wconf 87' lang='lat' dir='ltr'><strong>Aeneam</strong></span> <span class='ocrx_word' id='word_1_85' title='bbox 473 1094 620 1138; x_wconf 84' lang='lat' dir='ltr'><strong>laudat</strong></span> <span class='ocrx_word' id='word_1_86' title='bbox 650 1109 707 1151; x_wconf 82' lang='grc' dir='ltr'><strong>Ρι</strong></span> <span class='ocrx_word' id='word_1_87' title='bbox 709 1102 846 1151; x_wconf 86' lang='lat' dir='ltr'><strong>opter</strong></span> <span class='ocrx_word' id='word_1_88' title='bbox 864 1094 1062 1137; x_wconf 88' lang='lat' dir='ltr'><strong>terrendi</strong></span> <span class='ocrx_word' id='word_1_89' title='bbox 1080 1094 1307 1137; x_wconf 86' lang='lat' dir='ltr'><strong>scientiam</strong></span> <span class='ocrx_word' id='word_1_90' title='bbox 1319 1125 1332 1148; x_wconf 92' lang='lat'>‚</span> <span class='ocrx_word' id='word_1_91' title='bbox 1342 1109 1491 1138; x_wconf 88' lang='lat' dir='ltr'><strong>eum-</strong></span> 
     </span>
     <span class='ocr_line' id='line_1_13' title="bbox 90 1150 1150 1250; baseline 0.003 -50"><span class='ocrx_word' id='word_1_92' title='bbox 90 1167 95 1169; x_wconf 86' lang='grc'><strong><em>·</em></strong></span> <span class='ocrx_word' id='word_1_93' title='bbox 120 1173 208 1215; x_wconf 89' lang='lat' dir='ltr'><strong>que</strong></span> <span class='ocrx_word' id='word_1_94' title='bbox 228 1150 472 1250; x_wconf 70' lang='lat' dir='ltr'><strong>appellavit</strong></span> <span class='ocrx_word' id='word_1_95' title='bbox 502 1161 756 1205; x_wconf 82' lang='lat' dir='ltr'><strong>effector</strong></span> <span class='ocrx_word' id='word_1_96' title='bbox 770 1175 853 1221; x_wconf 79' lang='lat' dir='ltr'><strong>em</strong></span> <span class='ocrx_word' id='word_1_97' title='bbox 878 1169 1079 1206; x_wconf 83' lang='lat' dir='ltr'><strong>terror</strong></span> <span class='ocrx_word' id='word_1_98' title='bbox 1088 1161 1150 1204; x_wconf 83' lang='lat' dir='ltr'><strong>is.</strong></span> 
     </span>
    </p>
   </div>
   <div class='ocr_carea' id='block_1_7' title="bbox 114 1239 1487 1383">
    <p class='ocr_par' dir='ltr' id='par_1_7' title="bbox 114 1239 1487 1383">
     <span class='ocr_line' id='line_1_14' title="bbox 227 1239 1487 1318; baseline 0 -18"><span class='ocrx_word' id='word_1_99' title='bbox 227 1258 318 1302; x_wconf 84' lang='lat' dir='ltr'><strong>La</strong></span> <span class='ocrx_word' id='word_1_100' title='bbox 375 1259 444 1302; x_wconf 92' lang='lat' dir='ltr'><strong>Ac</strong></span> <span class='ocrx_word' id='word_1_101' title='bbox 471 1258 587 1301; x_wconf 89' lang='lat' dir='ltr'><strong>bene</strong></span> <span class='ocrx_word' id='word_1_102' title='bbox 595 1239 808 1318; x_wconf 86' lang='lat' dir='ltr'><strong>quidem,</strong></span> <span class='ocrx_word' id='word_1_103' title='bbox 830 1257 1044 1310; x_wconf 80' lang='lat' dir='ltr'><strong>Socrate,</strong></span> <span class='ocrx_word' id='word_1_104' title='bbox 1072 1271 1178 1300; x_wconf 91' lang='lat' dir='ltr'><strong>nam</strong></span> <span class='ocrx_word' id='word_1_105' title='bbox 1206 1256 1262 1300; x_wconf 83' lang='lat' dir='ltr'><strong>de</strong></span> <span class='ocrx_word' id='word_1_106' title='bbox 1283 1257 1487 1301; x_wconf 81' lang='lat' dir='ltr'><strong>cunibus</strong></span> 
     </span>
     <span class='ocr_line' id='line_1_15' title="bbox 114 1311 1487 1383; baseline 0 -15"><span class='ocrx_word' id='word_1_107' title='bbox 114 1311 325 1382; x_wconf 85' lang='lat' dir='ltr'><strong>loquitur.</strong></span> <span class='ocrx_word' id='word_1_108' title='bbox 353 1332 398 1367; x_wconf 86' lang='lat' dir='ltr'><strong>et</strong></span> <span class='ocrx_word' id='word_1_109' title='bbox 418 1330 482 1374; x_wconf 55' lang='lat' dir='ltr'><strong>tui</strong></span> <span class='ocrx_word' id='word_1_110' title='bbox 486 1325 540 1367; x_wconf 88' lang='lat' dir='ltr'><strong>de</strong></span> <span class='ocrx_word' id='word_1_111' title='bbox 553 1315 822 1383; x_wconf 86' lang='lat' dir='ltr'><strong>Scytharum</strong></span> <span class='ocrx_word' id='word_1_112' title='bbox 839 1324 1062 1379; x_wconf 81' lang='lat' dir='ltr'><strong>equitibus</strong></span> <span class='ocrx_word' id='word_1_113' title='bbox 1073 1322 1187 1366; x_wconf 86' lang='lat' dir='ltr'><strong>1llud</strong></span> <span class='ocrx_word' id='word_1_114' title='bbox 1198 1324 1331 1380; x_wconf 83' lang='lat' dir='ltr'><strong>dicis3</strong></span> <span class='ocrx_word' id='word_1_115' title='bbox 1359 1326 1487 1381; x_wconf 87' lang='lat' dir='ltr'><strong>equi-</strong></span> 
     </span>
    </p>
   </div>
   <div class='ocr_carea' id='block_1_8' title="bbox 42 1391 1489 1452">
    <p class='ocr_par' dir='ltr' id='par_1_8' title="bbox 42 1391 1489 1452">
     <span class='ocr_line' id='line_1_16' title="bbox 42 1391 1489 1452; baseline 0.001 -18"><span class='ocrx_word' id='word_1_116' title='bbox 42 1423 50 1452; x_wconf 42' lang='grc' dir='ltr'><em>ἑ</em></span> <span class='ocrx_word' id='word_1_117' title='bbox 115 1401 235 1440; x_wconf 78' lang='lat' dir='ltr'><strong>tatus</strong></span> <span class='ocrx_word' id='word_1_118' title='bbox 257 1392 386 1439; x_wconf 88' lang='lat' dir='ltr'><strong>enim</strong></span> <span class='ocrx_word' id='word_1_119' title='bbox 400 1391 513 1440; x_wconf 77' lang='lat' dir='ltr'><strong>illoi</strong></span> <span class='ocrx_word' id='word_1_120' title='bbox 516 1407 594 1435; x_wconf 89' lang='lat' dir='ltr'><strong>um</strong></span> <span class='ocrx_word' id='word_1_121' title='bbox 630 1391 692 1434; x_wconf 83' lang='lat' dir='ltr'><strong>ita</strong></span> <span class='ocrx_word' id='word_1_122' title='bbox 718 1399 920 1449; x_wconf 84' lang='lat' dir='ltr'><strong>pugnat,</strong></span> <span class='ocrx_word' id='word_1_123' title='bbox 955 1391 1106 1447; x_wconf 80' lang='lat' dir='ltr'><strong>gravis</strong></span> <span class='ocrx_word' id='word_1_124' title='bbox 1127 1405 1235 1435; x_wconf 83' lang='lat' dir='ltr'><strong>vero</strong></span> <span class='ocrx_word' id='word_1_125' title='bbox 1261 1404 1489 1435; x_wconf 83' lang='lat' dir='ltr'><strong>armatura</strong></span> 
     </span>
    </p>
   </div>
   <div class='ocr_carea' id='block_1_9' title="bbox 99 1458 806 1517">
    <p class='ocr_par' dir='ltr' id='par_1_9' title="bbox 99 1458 806 1517">
     <span class='ocr_line' id='line_1_17' title="bbox 99 1458 806 1517; baseline 0.004 -18"><span class='ocrx_word' id='word_1_126' title='bbox 99 1459 423 1514; x_wconf 74' lang='lat' dir='ltr'><strong>,Graecorum,</strong></span> <span class='ocrx_word' id='word_1_127' title='bbox 451 1466 570 1503; x_wconf 76' lang='lat' dir='ltr'><strong>Sicut</strong></span> <span class='ocrx_word' id='word_1_128' title='bbox 588 1474 669 1517; x_wconf 78' lang='lat' dir='ltr'><strong>ego</strong></span> <span class='ocrx_word' id='word_1_129' title='bbox 692 1458 806 1502; x_wconf 77' lang='lat' dir='ltr'><strong>dlCO·</strong></span> 
     </span>
    </p>
   </div>
   <div class='ocr_carea' id='block_1_10' title="bbox 43 1533 1503 2684">
    <p class='ocr_par' dir='ltr' id='par_1_10' title="bbox 113 1533 1503 1860">
     <span class='ocr_line' id='line_1_18' title="bbox 203 1533 1483 1610; baseline -0.002 -29.938"><span class='ocrx_word' id='word_1_130' title='bbox 203 1535 301 1582; x_wconf 61' lang='lat' dir='ltr'><strong>So.</strong></span> <span class='ocrx_word' id='word_1_131' title='bbox 356 1535 578 1591; x_wconf 82' lang='lat' dir='ltr'><strong>Exceptis</strong></span> <span class='ocrx_word' id='word_1_132' title='bbox 607 1535 827 1587; x_wconf 80' lang='lat' dir='ltr'><strong>fortasse,</strong></span> <span class='ocrx_word' id='word_1_133' title='bbox 856 1534 1050 1586; x_wconf 86' lang='lat' dir='ltr'><strong>Laches,</strong></span> <span class='ocrx_word' id='word_1_134' title='bbox 1094 1533 1483 1610; x_wconf 75' lang='lat' dir='ltr'><strong>Lacedaemonii33</strong></span> 
     </span>
     <span class='ocr_line' id='line_1_19' title="bbox 113 1591 1503 1659; baseline -0.001 -13"><span class='ocrx_word' id='word_1_135' title='bbox 113 1602 488 1655; x_wconf 74' lang='lat' dir='ltr'><strong>Lacedaemonios</strong></span> <span class='ocrx_word' id='word_1_136' title='bbox 505 1601 627 1645; x_wconf 89' lang='lat' dir='ltr'><strong>enim</strong></span> <span class='ocrx_word' id='word_1_137' title='bbox 647 1591 802 1643; x_wconf 85' lang='lat' dir='ltr'><strong>dicunt</strong></span> <span class='ocrx_word' id='word_1_138' title='bbox 821 1601 874 1643; x_wconf 86' lang='lat' dir='ltr'><strong>ad</strong></span> <span class='ocrx_word' id='word_1_139' title='bbox 893 1603 1110 1652; x_wconf 83' lang='lat' dir='ltr'><strong>Plataeas,</strong></span> <span class='ocrx_word' id='word_1_140' title='bbox 1145 1617 1284 1657; x_wconf 87' lang='lat' dir='ltr'><strong>quum</strong></span> <span class='ocrx_word' id='word_1_141' title='bbox 1310 1602 1360 1644; x_wconf 92' lang='lat' dir='ltr'><strong>in</strong></span> <span class='ocrx_word' id='word_1_142' title='bbox 1380 1617 1503 1659; x_wconf 73' lang='lat' dir='ltr'><strong>scu--¹</strong></span> 
     </span>
     <span class='ocr_line' id='line_1_20' title="bbox 114 1667 1484 1727; baseline -0.004 -14"><span class='ocrx_word' id='word_1_143' title='bbox 114 1679 232 1715; x_wconf 68' lang='lat' dir='ltr'><strong>[atos</strong></span> <span class='ocrx_word' id='word_1_144' title='bbox 253 1668 538 1720; x_wconf 77' lang='lat' dir='ltr'><strong>incidissent,</strong></span> <span class='ocrx_word' id='word_1_145' title='bbox 566 1667 766 1710; x_wconf 87' lang='lat' dir='ltr'><strong>noluisse</strong></span> <span class='ocrx_word' id='word_1_146' title='bbox 786 1677 1015 1727; x_wconf 82' lang='lat' dir='ltr'><strong>manentes</strong></span> <span class='ocrx_word' id='word_1_147' title='bbox 1037 1669 1250 1709; x_wconf 84' lang='lat' dir='ltr'><strong>adversus</strong></span> <span class='ocrx_word' id='word_1_148' title='bbox 1271 1682 1342 1708; x_wconf 89' lang='lat' dir='ltr'><strong>eos</strong></span> <span class='ocrx_word' id='word_1_149' title='bbox 1365 1682 1484 1724; x_wconf 87' lang='lat' dir='ltr'><strong>pug-</strong></span> 
     </span>
     <span class='ocr_line' id='line_1_21' title="bbox 114 1723 1482 1792; baseline -0.001 -15"><span class='ocrx_word' id='word_1_150' title='bbox 114 1751 254 1790; x_wconf 82' lang='lat' dir='ltr'><strong>nare,</strong></span> <span class='ocrx_word' id='word_1_151' title='bbox 290 1736 528 1779; x_wconf 84' lang='lat' dir='ltr'><strong>Persarum</strong></span> <span class='ocrx_word' id='word_1_152' title='bbox 568 1749 677 1777; x_wconf 87' lang='lat' dir='ltr'><strong>vero</strong></span> <span class='ocrx_word' id='word_1_153' title='bbox 717 1734 950 1776; x_wconf 70' lang='lat' dir='ltr'><strong>ominibus</strong></span> <span class='ocrx_word' id='word_1_154' title='bbox 988 1723 1211 1785; x_wconf 82' lang='lat' dir='ltr'><strong>dissolutis</strong></span> <span class='ocrx_word' id='word_1_155' title='bbox 1243 1748 1482 1792; x_wconf 84' lang='lat' dir='ltr'><strong>couversos</strong></span> 
     </span>
     <span class='ocr_line' id='line_1_22' title="bbox 116 1799 1481 1915; baseline -0.004 -68"><span class='ocrx_word' id='word_1_156' title='bbox 116 1804 244 1848; x_wconf 86' lang='lat' dir='ltr'><strong>velut</strong></span> <span class='ocrx_word' id='word_1_157' title='bbox 280 1801 449 1915; x_wconf 88' lang='lat' dir='ltr'><strong>equites</strong></span> <span class='ocrx_word' id='word_1_158' title='bbox 484 1800 714 1844; x_wconf 84' lang='lat' dir='ltr'><strong>dimicasse</strong></span> <span class='ocrx_word' id='word_1_159' title='bbox 752 1810 797 1845; x_wconf 88' lang='lat' dir='ltr'><strong>et</strong></span> <span class='ocrx_word' id='word_1_160' title='bbox 832 1802 896 1845; x_wconf 87' lang='lat' dir='ltr'><strong>ita</strong></span> <span class='ocrx_word' id='word_1_161' title='bbox 928 1801 1104 1848; x_wconf 86' lang='lat' dir='ltr'><strong>hostem</strong></span> <span class='ocrx_word' id='word_1_162' title='bbox 1147 1814 1378 1889; x_wconf 75' lang='lat' dir='ltr'><strong>superasse</strong></span> <span class='ocrx_word' id='word_1_163' title='bbox 1402 1799 1481 1843; x_wconf 83' lang='lat' dir='ltr'><strong>illa</strong></span> 
     </span>
    </p>

    <p class='ocr_par' dir='ltr' id='par_1_11' title="bbox 80 1885 682 1993">
     <span class='ocr_line' id='line_1_23' title="bbox 114 1885 314 1930; baseline 0 0"><span class='ocrx_word' id='word_1_164' title='bbox 114 1885 314 1930; x_wconf 60' lang='grc' dir='ltr'><strong>Ρῑῑὸὓῧ·</strong></span> 
     </span>
     <span class='ocr_line' id='line_1_24' title="bbox 80 1903 685 2035; baseline -0.007 -42"><span class='ocrx_word' id='word_1_165' title='bbox 80 1949 86 1957; x_wconf 82' lang='grc'><strong>“</strong></span> <span class='ocrx_word' id='word_1_166' title='bbox 178 1947 335 2035; x_wconf 40' lang='lat' dir='ltr'><strong>flatu</strong></span> <span class='ocrx_word' id='word_1_167' title='bbox 364 1903 494 1992; x_wconf 87' lang='lat' dir='ltr'><strong>Vera</strong></span> <span class='ocrx_word' id='word_1_168' title='bbox 512 1955 685 1991; x_wconf 74' lang='lat' dir='ltr'><strong>narras-¹</strong></span> 
     </span>
    </p>

    <p class='ocr_par' dir='ltr' id='par_1_12' title="bbox 43 2009 1478 2677">
     <span class='ocr_line' id='line_1_25' title="bbox 189 2009 1477 2085; baseline 0 -19"><span class='ocrx_word' id='word_1_169' title='bbox 189 2028 325 2072; x_wconf 52' lang='lat' dir='ltr'><strong>So&#39;g¹</strong></span> <span class='ocrx_word' id='word_1_170' title='bbox 333 2023 522 2067; x_wconf 86' lang='lat' dir='ltr'><strong>Iccirco</strong></span> <span class='ocrx_word' id='word_1_171' title='bbox 548 2024 683 2066; x_wconf 81' lang='lat' dir='ltr'><strong>etiam</strong></span> <span class='ocrx_word' id='word_1_172' title='bbox 709 2037 849 2085; x_wconf 74' lang='lat' dir='ltr'><strong>supra</strong></span> <span class='ocrx_word' id='word_1_173' title='bbox 867 2023 991 2076; x_wconf 85' lang='lat' dir='ltr'><strong>dixi,</strong></span> <span class='ocrx_word' id='word_1_174' title='bbox 1026 2037 1102 2067; x_wconf 85' lang='lat' dir='ltr'><strong>me</strong></span> <span class='ocrx_word' id='word_1_175' title='bbox 1124 2025 1176 2067; x_wconf 84' lang='lat' dir='ltr'><strong>in</strong></span> <span class='ocrx_word' id='word_1_176' title='bbox 1194 2009 1324 2068; x_wconf 72' lang='lat' dir='ltr'><strong>caiisa</strong></span> <span class='ocrx_word' id='word_1_177' title='bbox 1342 2023 1477 2067; x_wconf 81' lang='lat' dir='ltr'><strong>fuisse</strong></span> 
     </span>
     <span class='ocr_line' id='line_1_26' title="bbox 114 2090 1477 2168; baseline -0.004 -29"><span class='ocrx_word' id='word_1_178' title='bbox 114 2111 196 2139; x_wconf 87' lang='lat' dir='ltr'><strong>cur</strong></span> <span class='ocrx_word' id='word_1_179' title='bbox 221 2103 276 2140; x_wconf 88' lang='lat' dir='ltr'><strong>tu</strong></span> <span class='ocrx_word' id='word_1_180' title='bbox 302 2106 395 2136; x_wconf 89' lang='lat' dir='ltr'><strong>non</strong></span> <span class='ocrx_word' id='word_1_181' title='bbox 423 2091 540 2133; x_wconf 89' lang='lat' dir='ltr'><strong>bene</strong></span> <span class='ocrx_word' id='word_1_182' title='bbox 565 2092 872 2168; x_wconf 69' lang='lat' dir='ltr'><strong>1esponde1is‚</strong></span> <span class='ocrx_word' id='word_1_183' title='bbox 912 2090 1016 2151; x_wconf 85' lang='lat' dir='ltr'><strong>quia</strong></span> <span class='ocrx_word' id='word_1_184' title='bbox 1037 2106 1132 2155; x_wconf 83' lang='lat' dir='ltr'><strong>non</strong></span> <span class='ocrx_word' id='word_1_185' title='bbox 1150 2093 1263 2135; x_wconf 86' lang='lat' dir='ltr'><strong>bene</strong></span> <span class='ocrx_word' id='word_1_186' title='bbox 1282 2093 1477 2148; x_wconf 82' lang='lat' dir='ltr'><strong>interro-</strong></span> 
     </span>
     <span class='ocr_line' id='line_1_27' title="bbox 112 2158 1478 2222; baseline -0.004 -16.989"><span class='ocrx_word' id='word_1_187' title='bbox 112 2178 248 2222; x_wconf 83' lang='lat' dir='ltr'><strong>gavei</strong></span> <span class='ocrx_word' id='word_1_188' title='bbox 251 2163 326 2203; x_wconf 88' lang='lat' dir='ltr'><strong>im.</strong></span> <span class='ocrx_word' id='word_1_189' title='bbox 354 2160 560 2203; x_wconf 86' lang='lat' dir='ltr'><strong>volebam</strong></span> <span class='ocrx_word' id='word_1_190' title='bbox 579 2159 698 2202; x_wconf 86' lang='lat' dir='ltr'><strong>enim</strong></span> <span class='ocrx_word' id='word_1_191' title='bbox 720 2174 778 2201; x_wconf 80' lang='lat' dir='ltr'><strong>ex</strong></span> <span class='ocrx_word' id='word_1_192' title='bbox 792 2167 846 2202; x_wconf 71' lang='lat' dir='ltr'><strong>²te</strong></span> <span class='ocrx_word' id='word_1_193' title='bbox 864 2158 1077 2201; x_wconf 80' lang='lat' dir='ltr'><strong>sciscitari</strong></span> <span class='ocrx_word' id='word_1_194' title='bbox 1092 2175 1187 2202; x_wconf 89' lang='lat' dir='ltr'><strong>non</strong></span> <span class='ocrx_word' id='word_1_195' title='bbox 1210 2160 1355 2202; x_wconf 70' lang='lat' dir='ltr'><strong>solum</strong></span> <span class='ocrx_word' id='word_1_196' title='bbox 1368 2158 1478 2216; x_wconf 83' lang='lat' dir='ltr'><strong>qui-</strong></span> 
     </span>
     <span class='ocr_line' id='line_1_28' title="bbox 112 2220 1477 2287; baseline -0.004 -15"><span class='ocrx_word' id='word_1_197' title='bbox 112 2245 219 2278; x_wconf 82' lang='lat' dir='ltr'><strong>nam</strong></span> <span class='ocrx_word' id='word_1_198' title='bbox 248 2229 298 2271; x_wconf 87' lang='lat' dir='ltr'><strong>in</strong></span> <span class='ocrx_word' id='word_1_199' title='bbox 327 2227 454 2287; x_wconf 84' lang='lat' dir='ltr'><strong>gravi</strong></span> <span class='ocrx_word' id='word_1_200' title='bbox 477 2234 735 2282; x_wconf 83' lang='lat' dir='ltr'><strong>armatura,</strong></span> <span class='ocrx_word' id='word_1_201' title='bbox 757 2226 834 2269; x_wconf 87' lang='lat' dir='ltr'><strong>sed</strong></span> <span class='ocrx_word' id='word_1_202' title='bbox 855 2227 987 2269; x_wconf 85' lang='lat' dir='ltr'><strong>etiam</strong></span> <span class='ocrx_word' id='word_1_203' title='bbox 1009 2227 1191 2285; x_wconf 80' lang='lat' dir='ltr'><strong>quinam</strong></span> <span class='ocrx_word' id='word_1_204' title='bbox 1211 2226 1265 2268; x_wconf 85' lang='lat' dir='ltr'><strong>in</strong></span> <span class='ocrx_word' id='word_1_205' title='bbox 1271 2220 1477 2282; x_wconf 80' lang='lat' dir='ltr'><strong>equitatu</strong></span> 
     </span>
     <span class='ocr_line' id='line_1_29' title="bbox 79 2280 1475 2373; baseline -0.004 -34"><span class='ocrx_word' id='word_1_206' title='bbox 79 2301 83 2305; x_wconf 82' lang='lat'>&#39;</span> <span class='ocrx_word' id='word_1_207' title='bbox 115 2303 160 2339; x_wconf 77' lang='lat' dir='ltr'><strong>et</strong></span> <span class='ocrx_word' id='word_1_208' title='bbox 180 2297 242 2339; x_wconf 81' lang='lat' dir='ltr'><strong>in</strong></span> <span class='ocrx_word' id='word_1_209' title='bbox 247 2294 462 2338; x_wconf 67' lang='lat' dir='ltr'><strong>universo</strong></span> <span class='ocrx_word' id='word_1_210' title='bbox 482 2280 676 2337; x_wconf 69' lang='lat' dir='ltr'><strong>bellandi</strong></span> <span class='ocrx_word' id='word_1_211' title='bbox 697 2299 859 2373; x_wconf 70' lang='lat' dir='ltr'><strong>genere</strong></span> <span class='ocrx_word' id='word_1_212' title='bbox 878 2288 1017 2336; x_wconf 68' lang='lat' dir='ltr'><strong>fortes!</strong></span> <span class='ocrx_word' id='word_1_213' title='bbox 1038 2298 1204 2347; x_wconf 76' lang='lat' dir='ltr'><strong>essent,</strong></span> <span class='ocrx_word' id='word_1_214' title='bbox 1240 2299 1325 2335; x_wconf 77' lang='lat' dir='ltr'><strong>nec</strong></span> <span class='ocrx_word' id='word_1_215' title='bbox 1358 2292 1475 2334; x_wconf 87' lang='lat' dir='ltr'><strong>bello</strong></span> 
     </span>
     <span class='ocr_line' id='line_1_30' title="bbox 113 2349 1475 2421; baseline -0.005 -15"><span class='ocrx_word' id='word_1_216' title='bbox 113 2350 338 2410; x_wconf 64' lang='lat' dir='ltr'><strong>tantum,</strong></span> <span class='ocrx_word' id='word_1_217' title='bbox 355 2368 528 2404; x_wconf 77' lang='lat' dir='ltr'><strong>verum</strong></span> <span class='ocrx_word' id='word_1_218' title='bbox 546 2361 697 2404; x_wconf 78' lang='lat' dir='ltr'><strong>etiam&#39;·</strong></span> <span class='ocrx_word' id='word_1_219' title='bbox 707 2361 758 2404; x_wconf 82' lang='lat' dir='ltr'><strong>in</strong></span> <span class='ocrx_word' id='word_1_220' title='bbox 772 2360 923 2403; x_wconf 73' lang='lat' dir='ltr'><strong>maris</strong></span> <span class='ocrx_word' id='word_1_221' title='bbox 954 2349 1222 2421; x_wconf 54' lang='lat' dir='ltr'><strong>pei-icum,-¹</strong></span> <span class='ocrx_word' id='word_1_222' title='bbox 1241 2359 1390 2416; x_wconf 80' lang='lat' dir='ltr'><strong>etqui</strong></span> <span class='ocrx_word' id='word_1_223' title='bbox 1416 2358 1475 2399; x_wconf 88' lang='lat' dir='ltr'><strong>ad</strong></span> 
     </span>
     <span class='ocr_line' id='line_1_31' title="bbox 104 2417 1473 2487; baseline -0.003 -16"><span class='ocrx_word' id='word_1_224' title='bbox 104 2428 342 2481; x_wconf 38' lang='lat' dir='ltr'><strong>&#39;morbum</strong></span> <span class='ocrx_word' id='word_1_225' title='bbox 359 2429 422 2472; x_wconf 86' lang='lat' dir='ltr'><strong>ad</strong></span> <span class='ocrx_word' id='word_1_226' title='bbox 432 2435 721 2487; x_wconf 81' lang='lat' dir='ltr'><strong>paupertates</strong></span> <span class='ocrx_word' id='word_1_227' title='bbox 728 2417 815 2471; x_wconf 76' lang='lat' dir='ltr'><strong>vel</strong></span> <span class='ocrx_word' id='word_1_228' title='bbox 823 2428 878 2470; x_wconf 86' lang='lat' dir='ltr'><strong>ad</strong></span> <span class='ocrx_word' id='word_1_229' title='bbox 897 2443 968 2470; x_wconf 86' lang='lat' dir='ltr'><strong>res</strong></span> <span class='ocrx_word' id='word_1_230' title='bbox 989 2428 1145 2472; x_wconf 82' lang='lat' dir='ltr'><strong>civiles</strong></span> <span class='ocrx_word' id='word_1_231' title='bbox 1157 2427 1294 2471; x_wconf 61' lang='lat' dir='ltr'><strong>ffirtes</strong></span> <span class='ocrx_word' id='word_1_232' title='bbox 1313 2434 1473 2475; x_wconf 87' lang='lat' dir='ltr'><strong>essent,</strong></span> 
     </span>
     <span class='ocr_line' id='line_1_32' title="bbox 114 2491 1472 2571; baseline -0.002 -33"><span class='ocrx_word' id='word_1_233' title='bbox 114 2502 431 2571; x_wconf 38' lang='lat' dir='ltr'><strong>praetereaque</strong></span> <span class='ocrx_word' id='word_1_234' title='bbox 473 2511 563 2538; x_wconf 89' lang='lat' dir='ltr'><strong>non</strong></span> <span class='ocrx_word' id='word_1_235' title='bbox 600 2497 748 2538; x_wconf 88' lang='lat' dir='ltr'><strong>solum</strong></span> <span class='ocrx_word' id='word_1_236' title='bbox 788 2496 843 2537; x_wconf 87' lang='lat' dir='ltr'><strong>ad</strong></span> <span class='ocrx_word' id='word_1_237' title='bbox 873 2497 1048 2538; x_wconf 72' lang='grc' dir='ltr'>ἀοΙοιεε</span> <span class='ocrx_word' id='word_1_238' title='bbox 1079 2495 1167 2538; x_wconf 84' lang='lat' dir='ltr'><strong>vel</strong></span> <span class='ocrx_word' id='word_1_239' title='bbox 1179 2502 1348 2545; x_wconf 80' lang='lat' dir='ltr'><strong>metus,</strong></span> <span class='ocrx_word' id='word_1_240' title='bbox 1397 2491 1472 2534; x_wconf 85' lang='lat' dir='ltr'><strong>sed</strong></span> 
     </span>
     <span class='ocr_line' id='line_1_33' title="bbox 115 2553 1477 2625; baseline -0.004 -20"><span class='ocrx_word' id='word_1_241' title='bbox 115 2560 248 2606; x_wconf 81' lang='lat' dir='ltr'><strong>etiam</strong></span> <span class='ocrx_word' id='word_1_242' title='bbox 261 2562 485 2621; x_wconf 69' lang='lat' dir='ltr'><strong>adversus</strong></span> <span class='ocrx_word' id='word_1_243' title='bbox 513 2553 772 2621; x_wconf 71' lang='lat' dir='ltr'><strong>cupiditates·</strong></span> <span class='ocrx_word' id='word_1_244' title='bbox 798 2564 870 2606; x_wconf 85' lang='lat' dir='ltr'><strong>vel</strong></span> <span class='ocrx_word' id='word_1_245' title='bbox 886 2553 1151 2625; x_wconf 68' lang='lat' dir='ltr'><strong>voluptates</strong></span> <span class='ocrx_word' id='word_1_246' title='bbox 1153 2569 1336 2620; x_wconf 85' lang='lat' dir='ltr'><strong>possent</strong></span> <span class='ocrx_word' id='word_1_247' title='bbox 1359 2573 1477 2616; x_wconf 85' lang='lat' dir='ltr'><strong>pug-</strong></span> 
     </span>
     <span class='ocr_line' id='line_1_34' title="bbox 43 2621 1476 2684; baseline -0.003 -12"><span class='ocrx_word' id='word_1_248' title='bbox 43 2625 50 2641; x_wconf 84' lang='lat'><em>&#39;</em></span> <span class='ocrx_word' id='word_1_249' title='bbox 114 2638 251 2682; x_wconf 57' lang='lat' dir='ltr'><strong>narej</strong></span> <span class='ocrx_word' id='word_1_250' title='bbox 273 2629 382 2675; x_wconf 56' lang='lat' dir='ltr'><strong>sive</strong></span> <span class='ocrx_word' id='word_1_251' title='bbox 408 2638 635 2675; x_wconf 80' lang='lat' dir='ltr'><strong>manentes</strong></span> <span class='ocrx_word' id='word_1_252' title='bbox 653 2631 757 2677; x_wconf 79' lang='lat' dir='ltr'><strong>sive</strong></span> <span class='ocrx_word' id='word_1_253' title='bbox 785 2646 832 2675; x_wconf 85' lang='lat' dir='ltr'><strong>se</strong></span> <span class='ocrx_word' id='word_1_254' title='bbox 862 2636 1198 2684; x_wconf 67' lang='lat' dir='ltr'><strong>convertentes,</strong></span> <span class='ocrx_word' id='word_1_255' title='bbox 1215 2631 1329 2672; x_wconf 73' lang='lat' dir='ltr'><strong>&#39;su&#39;n‘t</strong></span> <span class='ocrx_word' id='word_1_256' title='bbox 1350 2621 1476 2667; x_wconf 81' lang='lat' dir='ltr'><strong>euim</strong></span> 
     </span>
    </p>
   </div>
  </div>
 </body>
</html>
