1696 2898
673 173 1069 212 LACHES.
1453 179 1546 216 487

279 293 366 352 Ly.
424 292 540 335 Sane
561 305 674 347 rogo
697 289 905 346 equidem
922 319 933 340 ,
958 287 1172 341 Socrate3
1204 293 1308 331 nam
1325 288 1452 347 ‘quasi
1469 302 1548 330 ar-

168 364 284 406 bitro
333 359 602 402 diiudicante
642 357 822 400 videtur
876 354 990 398 mihi
1026 355 1339 398 consultationi
1371 363 1549 399 nostrae

167 443 278 487 opus
316 442 425 470 csse.
459 424 634 466 ‘etenim
665 424 702 466 si
735 423 782 466 hi
815 422 1143 465 consentirent.
1181 423 1334 466 miuus
1362 437 1415 465 eo
1435 437 1548 478 opus

167 503 302 548 esset3
341 508 463 536 nunc
485 507 620 540 vero,
654 499 705 534 ut
731 491 854 533 vides
867 524 882 543 ,
911 491 1184 533 contrariam
1206 489 1376 533 Laches
1400 505 1450 532 ac
1461 489 1549 532 Ni-

166 565 255 606 cias
282 562 385 605 tulit
402 559 685 603 sementiam.
719 559 929 614 quocirca
950 567 1122 607 rectum
1147 567 1213 601 est
1234 559 1356 600 hunc
1374 570 1549 615 quoqne

167 630 336 681 audire,
363 628 412 671 in
428 628 573 669 utrius
594 626 799 669 virorum
822 625 1016 668 discedat
1043 626 1326 669 sententiam.
1550 661 1551 665 ,

278 697 354 740 So·-
425 693 573 752 Quid,
613 693 916 750 Lysimache?
964 701 1315 750 utrumcumque
1342 691 1549 751 plerique

166 764 374 810 nostrum
394 761 710 825 probaverint,
739 775 792 803 eo
815 761 882 807 vis
903 761 1004 804 uti?
1311 758 1315 763 '

275 832 364 890 Ly.
421 828 652 889 Quidnam
672 828 794 871 aliud
817 829 916 886 quis
939 834 1065 884 agat,
1094 827 1307 872 Socrate?

279 900 354 944 So,
409 898 532 944 Num
564 905 612 939 tu
645 911 850 953 quoque,
887 895 1099 949 Melesia,
1137 896 1200 938 ita
1221 895 1390 939 facies?
1431 909 1480 936 ac
1512 893 1551 935 si

169 982 255 1024 qua
274 966 329 1009 de
350 965 430 1011 filii
454 965 521 1009 tui
545 964 870 1016 exercitatione
892 963 1158 1006 consultatio
1176 963 1262 1006 tibi
1280 971 1392 1007 esset
1403 962 1453 1004 in
1464 976 1551 1018 qua

171 1051 275 1078 eum
297 1041 526 1094 oporteret
554 1031 787 1083 exerceri,
817 1036 971 1074 utrum
994 1032 1220 1089 plerisque
1244 1029 1451 1073 nostrum
1474 1029 1549 1070 ob-

169 1111 443 1160 temperares
456 1132 468 1153 ,
491 1115 548 1142 an
568 1100 610 1144 ei
631 1100 709 1157 qui
731 1099 813 1141 sub
833 1098 954 1143 bono
975 1099 1222 1157 palaestrae
1241 1098 1455 1156 magistro
1473 1096 1550 1139 in·-

167 1172 345 1213 stitutus
370 1177 484 1211 esset
504 1178 635 1225 atque
651 1167 914 1210 exercitus?

280 1237 370 1280 Me.
398 1228 401 1233 ’
426 1236 542 1278 Huic
561 1251 694 1283 vero,
723 1233 920 1281 Socrate.

279 1305 353 1347 So.
409 1303 502 1361 Ipsi
545 1302 686 1360 igitur
712 1301 854 1358 magis
886 1301 1222 1360 obtemperares
1253 1314 1389 1359 quam
1418 1297 1552 1342 nobis

170 1372 248 1430 qui
267 1377 474 1428 quattuor
498 1385 652 1413 sumus
666 1370 688 1411 ’.Ρ

281 1438 373 1481 Me.
428 1436 535 1479 Sine
558 1436 726 1480 dubios

282 1507 356 1550 So.
412 1505 451 1547 E
484 1504 669 1546 scientia
700 1503 847 1556 enim,
877 1503 927 1547 ni
949 1503 1106 1559 fallor,
1135 1513 1312 1563 oportet
1340 1503 1549 1555 iudicari,

169 1590 261 1619 non
285 1589 345 1616 ex
366 1571 658 1616 multitudine
676 1569 724 1611 id
742 1570 861 1626 quod
887 1581 1010 1615 recte
1030 1572 1239 1614 volumus
1258 1572 1475 1616 iudicare.

283 1639 375 1684 Me.
432 1636 641 1692 Quidni?

286 1707 357 1750 So.
416 1705 570 1761 Itaque
606 1717 726 1746 nunc
754 1717 932 1759 quoque
958 1713 1133 1762 oportet
1153 1695 1354 1764 primurn
1375 1704 1461 1748 hoc
1479 1705 1553 1762 ipss

175 1789 276 1820 sum
306 1772 520 1830 spectari,
555 1785 611 1812 an
642 1771 699 1813 sit
729 1770 888 1827 aliquis
914 1772 1118 1814 nostrum
1140 1772 1236 1816 aius
1257 1773 1311 1815 de
1332 1787 1417 1830 qua
1439 1772 1554 1815 deli-

173 1843 383 1886 beramus
400 1839 508 1881 artis
536 1838 707 1895 peritus
727 1853 870 1881 necne
887 1869 901 1891 ,
930 1848 973 1882 et
993 1840 1030 1882 si
1051 1848 1117 1882 est
1126 1873 1142 1892 ,
1182 1840 1225 1883 ei
1244 1841 1322 1898 qui
1346 1856 1461 1883 unus
1487 1848 1552 1883 est

178 1906 500 1966 obtemperari,
539 1905 734 1961 reliquos
763 1921 873 1948 vero
904 1906 1051 1958 mitti,
1101 1908 1172 1950 sin
1189 1908 1362 1960 minus,
1411 1909 1552 1950 alium

178 1991 314 2034 quem
344 1973 523 2031 quaeri:
560 1987 617 2014 an
645 1972 859 2029 exiguum
886 1965 1054 2030 al'iquid
1073 1975 1379 2033 putatis-nunc
1396 1975 1448 2018 in
1470 1990 1553 2033 pe-

176 2043 373 2088 riculum
405 2055 564 2083 vocare
595 2047 646 2082 tu
676 2047 718 2082 et
749 2040 1068 2099 Lysimachus,
1110 2051 1154 2085 et
1185 2045 1276 2085 non
1305 2042 1350 2084 id
1380 2041 1553 2084 bonum

177 2111 297 2169 quod
327 2109 529 2154 omnium
550 2122 608 2149 ex
631 2106 792 2150 vestris
816 2116 880 2152 est
901 2110 1164 2152 summum?
1188 2109 1270 2153 filii
1283 2109 1404 2152 enim
1415 2117 1552 2167 prout

176 2187 255 2222 aut
285 2177 391 2219 boni
420 2185 494 2218 aut
515 2182 667 2217 contra
689 2174 904 2226 evadunt,
946 2176 1155 2219 universa
1180 2192 1357 2234 quoque
1378 2192 1450 2220 res
1467 2192 1550 2239 pa-

178 2256 305 2290 terna
336 2260 388 2287 eo
423 2243 556 2287 modo
585 2241 968 2286 administrabitur
1001 2259 1089 2301 quo
1117 2244 1200 2288 filii
1231 2260 1279 2288 se
1311 2244 1548 2288 habebunt.

287 2313 376 2357 Me.
433 2310 555 2355 Vera
579 2309 701 2352 dicis.

288 2381 359 2424 So.
416 2376 676 2422 Admodum
696 2376 831 2433 igitur
851 2376 959 2420 huic
981 2378 1049 2420 rei
1074 2387 1139 2422 est
1165 2378 1547 2438 prospiciendum.

290 2447 378 2492 Me.
435 2446 551 2489 sane
571 2445 767 2502 quidem.

291 2513 363 2557 So.
405 2513 658 2570 -Quomodo
676 2513 826 2570 igitur,
846 2515 891 2560 id
915 2511 1031 2571 quod
1052 2515 1186 2558 modo
1201 2513 1416 2562 dicebam,
1440 2529 1550 2556 con-

182 2581 478 2624 siderea-emus
511 2582 549 2624 si
579 2597 793 2638 quaerere
824 2583 1042 2625 vellemus
1075 2582 1173 2639 quis
1211 2582 1412 2624 nostrum
1444 2582 1550 2622 artis

185 2657 296 2692 esset
328 2649 673 2710 concertatoriae
700 2649 1028 2707 peritissimus?
1074 2661 1225 2705 nonne
1260 2664 1361 2703 eum
1395 2647 1553 2691 existi-
