1734 2872
664 227 973 267 CRITO.
1418 230 1508 268 169

143 333 226 405 que
254 345 362 389 hino
393 345 605 398 educere3
647 343 809 401 deinde
826 352 992 388 ‚nonne
1024 342 1150 387 vides
1190 341 1408 401 delatores
1440 341 1514 384 isti

143 430 274 472 quam
295 413 474 456 venales
495 412 583 455 sint
601 419 644 454 et
666 406 800 468 quam
821 409 985 466 exigua
1006 408 1125 468 apud
1148 427 1221 454 eos
1239 411 1298 454 sit
1308 425 1420 468 opus
1432 425 1516 467 pe-

143 481 307 524 cunia?
333 481 416 524 tibi
438 489 586 523 autem
606 494 707 521 mea
724 479 841 521 bona
858 487 1127 536 suppetunt,
1157 479 1260 522 satis
1273 511 1286 531 ,
1314 487 1365 521 ut
1384 493 1515 536 spero

140 564 326 607 magna3
357 548 516 592 deinde
537 548 687 598 etiam,
713 547 752 589 si
771 546 863 588 mei
887 561 1039 603 amore
1060 545 1361 604 impendenda
1384 561 1516 602 negas

144 632 237 659 esse
257 631 381 668 mea,
413 615 610 674 hospites
628 615 702 657 hio
721 622 899 672 praesto
920 622 1024 656 sunt
1045 614 1100 656 ad
1120 629 1198 656 sua
1217 613 1518 672 impendenda

144 684 311 742 parati,
349 692 392 726 et
419 699 531 725 unus
558 683 645 726 iam
681 682 736 723 ad
768 681 814 724 id
834 683 986 740 ipsum
1007 682 1152 725 attulit
1174 682 1394 724 summam
1416 682 1518 724 satis

143 767 375 808 maguam,
411 751 619 795 Simmias
649 748 916 803 Thebanus3
956 757 1136 807 paratus
1156 750 1265 794 item
1294 758 1357 792 est
1377 749 1518 792 Cebes

144 831 188 864 et
209 819 283 862 alii
305 819 533 878 permulti.
556 833 708 875 quare,
725 824 777 859 ut
787 817 899 869 dixi,
924 832 1070 873 neque
1087 817 1172 859 hoc
1185 817 1352 859 veritus
1364 817 1519 859 omitte

143 897 188 931 te
210 903 411 939 servare,
442 902 588 944 neque
607 885 727 942 quod
747 885 797 927 in
814 883 982 927 iudicio
1005 884 1204 938 dicebas,
1240 884 1353 928 illud
1371 893 1415 928 te
1437 899 1518 926 au-
1544 931 1545 935 Ἰ

145 964 240 1011 gat,
277 954 397 1011 quod
427 953 534 996 hinc
565 967 765 1009 egressus
794 967 888 994 non
914 952 972 994 sis
999 951 1235 995 habiturus
1267 952 1373 1008 quid
1401 966 1515 1008 agas.

144 1037 251 1064 nam
270 1037 410 1078 quum
428 1020 582 1064 multis
603 1019 701 1061 aliis
721 1034 807 1074 quo
826 1019 1088 1076 perveneris
1109 1019 1218 1062 locis
1247 1019 1522 1077 amplecten-

146 1098 222 1131 tur
245 1098 304 1141 te,
330 1098 442 1140 tum,
467 1087 504 1130 si
532 1087 677 1144 placet
697 1085 778 1128 tibi
798 1085 849 1127 in
871 1085 1149 1129 Thessaliam
1179 1086 1390 1144 migrare,
1417 1095 1522 1129 sunt

144 1157 259 1200 mihi
277 1157 370 1199 illic
389 1155 583 1212 hospites
596 1186 608 1205 ‚
636 1153 712 1210 qui
733 1161 778 1196 te
799 1153 990 1196 maximi
1011 1153 1176 1196 facient
1197 1170 1368 1211 suoque
1386 1169 1521 1212 prae-

143 1225 257 1278 sjdio
284 1232 431 1267 tutum
461 1221 772 1280 praestabunt,
808 1236 867 1262 ne
895 1220 978 1263 tibi
1004 1221 1237 1278 quisquam
1257 1223 1307 1264 in
1327 1221 1524 1264 Thessa-

141 1291 202 1334 lia
223 1289 471 1333 molestiam
491 1288 711 1330 exhibeat.
735 1295 967 1344 praeterea
992 1302 1184 1344 quoque,
1211 1288 1408 1343 Socrate,
1436 1305 1521 1331 nec

142 1359 303 1401 iustam
333 1356 447 1399 mihi
476 1354 642 1398 videris
672 1370 771 1397 rem
799 1353 980 1411 aggredi
1013 1355 1051 1396 si
1083 1363 1127 1398 te
1157 1355 1310 1414 ipsum
1341 1357 1522 1415 prodas,

145 1440 283 1482 quum
310 1438 490 1467 servare
517 1422 658 1480 possis
670 1439 684 1476 3
725 1423 892 1467 etenim
912 1422 1143 1465 contendis
1164 1432 1217 1467 ut
1238 1439 1288 1466 ea
1309 1423 1392 1466 tibi
1415 1439 1523 1466 eve-

143 1493 291 1545 niant,
331 1506 444 1549 quae
473 1489 649 1533 inimici
678 1489 745 1533 tui
775 1497 820 1534 et
840 1489 1114 1534 contendunt
1136 1501 1179 1534 et
1198 1490 1524 1534 contenderunt

142 1560 393 1619 perniciem
434 1564 696 1615 quaerentes
731 1565 872 1603 tuam.
922 1558 1088 1601 accedit
1122 1567 1174 1601 ut
1205 1558 1318 1603 filios
1350 1573 1524 1616 quoque

145 1637 246 1673 tuos
274 1627 390 1671 mihi
418 1627 600 1670 videare
632 1626 848 1684 prodere,
886 1641 993 1683 quos
1016 1641 1154 1684 quum
1173 1626 1258 1669 tibi
1279 1627 1460 1669 licuerit
1481 1636 1525 1670 et:

147 1695 336 1741 educare
364 1704 408 1737 et
436 1694 640 1748 erudire,
679 1694 908 1736 discedens
929 1694 1102 1737 deseres
1123 1693 1186 1737 ita
1205 1703 1276 1748 ut,
1302 1702 1521 1751 quantum

144 1763 195 1806 in
215 1771 261 1807 te
280 1772 358 1812 est,
386 1763 528 1806 cuivis
548 1762 694 1806 futuri
720 1761 810 1804 sint
830 1760 1035 1804 fortunae
1058 1761 1241 1824 obiecti..
1255 1776 1413 1803 eorum
1437 1776 1521 1803 au-

145 1837 236 1872 tem
255 1829 438 1875 fortuna
453 1863 464 1877 ,
504 1838 557 1872 ut
575 1828 790 1872 credibile
803 1838 899 1882 rest,
938 1829 1038 1872 talis
1059 1829 1143 1872 erit
1168 1829 1307 1887 qualis
1325 1828 1376 1870 in
1397 1828 1524 1871 orbi-

146 1903 236 1938 tate
255 1896 366 1940 solet
383 1912 475 1940 esse
495 1898 627 1940 orbis.
654 1898 831 1941 etenim‘
844 1905 919 1939 aut
942 1912 1032 1939 non
1053 1897 1264 1939 debemus
1281 1911 1524 1955 procreare

146 1962 327 2013 liberos,
347 1971 423 2010 aut
444 1979 676 2008 aerumnas
699 1964 833 2007 simul
851 1963 973 2006 ferre
985 1973 1028 2006 et
1041 1964 1199 2006 alendo
1215 1969 1259 2006 et
1270 1963 1494 2005 educando
1511 1985 1526 2022 3

148 2038 197 2072 tu
229 2038 378 2073 autem
405 2031 518 2074 mihi
549 2032 715 2074 videris
747 2031 795 2072 id
825 2031 942 2087 quod
960 2031 1240 2074 levissimum
1261 2037 1324 2071 est
1345 2029 1524 2086 eligere.

148 2107 193 2140 at
215 2105 408 2155 oportet,
438 2097 558 2156 quod
574 2098 646 2140 vir
663 2098 806 2139 bonus
824 2096 1043 2152 fortisque
1065 2097 1263 2154 elegerit,
1285 2110 1387 2140 eum
1402 2106 1522 2141 certe

150 2165 330 2222 eligere,
369 2163 447 2221 qui
478 2164 595 2206 dicat
614 2163 772 2207 virtuti
791 2178 839 2205 se
862 2179 944 2222 per
965 2178 1147 2207 omnem
1165 2164 1303 2207 vitam
1326 2165 1520 2208 studere.

149 2232 360 2288 quocirca
390 2246 472 2288 ego
508 2238 552 2273 et
578 2241 658 2276 tuo
689 2239 732 2274 et
761 2239 912 2274 nostro
941 2231 1191 2274 amicorum
1216 2241 1400 2276 tuorum
1435 2249 1523 2275 no-

147 2299 273 2344 mine
301 2300 510 2343 erubesco
522 2331 535 2352 ,
570 2314 628 2341 ne
661 2298 866 2344 videatur
887 2307 980 2342 tota
998 2307 1074 2342 tua
1094 2313 1167 2342 res
1186 2315 1271 2358 per
1290 2300 1525 2358 segnitiam

151 2367 373 2423 quandam
397 2376 597 2413 nostram
614 2367 674 2409 ita
692 2374 815 2424 gesta
833 2381 925 2409 esse
938 2385 950 2408 :
983 2367 1186 2424 primum
1207 2367 1325 2425 quod
1348 2383 1525 2425 causam

150 2434 278 2490 egisti
296 2435 416 2492 apud
434 2434 604 2479 iudices
618 2465 631 2486 ,
670 2449 810 2491 quum
831 2449 930 2478 eam
951 2448 1041 2477 non
1062 2450 1192 2492 agere
1207 2435 1394 2490 liceret3
1427 2445 1526 2479 tum

149 2499 248 2560 ipsa
267 2502 454 2545 certatio
470 2502 592 2559 quod
613 2501 814 2545 instituta
835 2510 899 2546 est
911 2518 926 2555 3
956 2501 1145 2559 denique
1156 2502 1239 2546 hoc
1252 2512 1525 2557 extremum,

150 2562 516 2615 welut'1·idiculus
548 2569 617 2616 rei
650 2571 825 2618 exitus,
878 2569 997 2626 quod
1025 2570 1224 2614 socordia
1255 2571 1445 2629 quadam
1482 2580 1525 2613 ct

151 2635 337 2691 segnitia
368 2646 520 2681 nostra
550 2637 697 2694 elapsa
719 2638 847 2681 nobis
866 2638 1034 2682 occasio
1059 2638 1238 2683 videtur
1262 2640 1427 2696 quippe
1447 2638 1524 2694 qui

151 2711 195 2745 te
216 2719 308 2748 uon
328 2704 661 2757 servaverimus
684 2721 827 2763 neque
853 2714 901 2750 tu
929 2714 970 2749 te
997 2706 1168 2763 ipsum,
1207 2721 1343 2763 qutun
1368 2705 1524 2748 lienis*
