1734 2872
573 190 1082 260 ΤΗΕᾼΘΕΒᾨ
1227 233 1233 238 x
1378 207 1468 245 395

218 317 293 361 De
361 316 480 360 Sane
507 313 786 371 mehercule,
826 313 1032 366 Socrate,
1072 309 1227 358 eamus
1246 308 1474 362 ‘inconsi-

107 385 241 434 lium3
280 399 384 427 nam
415 381 526 426 mihi
556 381 738 438 quidem
766 381 945 424 videtur
975 378 1104 424 haud
1124 377 1342 427 mediocri
1364 396 1477 444 opus

111 451 423 498 esseconsilio.

219 539 290 582 So.
336 536 480 589 Sine,
531 536 596 580 mi
635 536 752 580 bone
763 553 778 591 3
835 535 1166 594 interrogemus
1206 555 1312 584 eum
1349 544 1479 600 prius

108 606 226 650 satis.

220 693 310 738 De.
366 694 598 751 Interroga
621 693 770 751 igitur.

223 781 296 824 So.
352 780 474 840 Quid
498 781 650 842 igitur,
680 781 717 823 si
735 780 1002 839 Euripidem
1025 782 1327 837 adhibeamus,
1353 785 1480 828 The-

114 863 194 905 age
205 849 227 891 ’ἐ
257 849 496 906 Euripides
518 849 725 892 videlicet
747 848 875 891 dicit:
903 849 932 893 S
945 864 1008 907 ap
1019 849 1035 891 i
1047 866 1072 892 e
1085 866 1115 892 n
1126 859 1143 893 t
1154 866 1207 893 es
1235 860 1294 910 ty
1306 868 1331 895 r
1342 868 1365 894 a
1380 870 1407 895 n
1422 871 1452 895 n
1464 855 1481 897 i

115 918 413 973 sapientiu
429 933 475 959 m
501 915 940 960 consuetudine.
976 917 1067 960 iam
1089 918 1126 960 si
1146 919 1243 974 quis
1260 934 1320 962 ex
1345 920 1484 964 Euri-

114 985 220 1042 pide
238 993 474 1041 quaereret
495 986 534 1027 O
555 983 817 1041 Euripides,
851 983 906 1026 ad
927 1000 1168 1042 quamnam
1191 1001 1287 1028 rem
1304 988 1484 1044 sapien·-

115 1060 181 1094 tes
210 1052 318 1098 dicis
348 1067 538 1109 quorum
569 1051 888 1094 consuetudine
918 1053 1137 1110 sapientes
1159 1052 1247 1097 sint
1267 1056 1481 1111 tyranni?

119 1119 497 1173 quemadmodum
532 1119 569 1161 si
602 1119 699 1175 quis
728 1119 918 1162 diceret:
973 1119 1002 1163 S
1015 1134 1039 1160 a
1050 1122 1145 1177 pie
1158 1127 1251 1165 nte
1262 1137 1282 1164 s
1332 1136 1358 1162 a
1370 1137 1398 1178 g
1410 1123 1486 1165 rin·

117 1186 278 1228 colae
303 1202 322 1227 s
337 1186 652 1243 apientium
683 1201 854 1228 consu
870 1188 1069 1229 etudin
1084 1203 1122 1240 e,
1150 1202 1318 1244 nosque
1341 1188 1484 1231 inter-

115 1267 379 1308 rogaremus
397 1253 451 1295 ad
472 1253 578 1309 quid
600 1252 818 1310 sapientes
839 1253 945 1296 dicis
963 1286 975 1305 ,
1013 1255 1119 1310 quid
1139 1251 1269 1297 nobis
1291 1270 1485 1315 respon-

118 1319 274 1366 deret?
299 1335 410 1363 num
433 1320 551 1364 aliud
572 1319 678 1376 quid
705 1320 913 1378 quemad
931 1321 1282 1378 agriculturam?

170 1413 174 1417 ’
233 1410 343 1454 The.
398 1399 532 1452 Nihil.
547 1406 681 1454 aliud.

230 1498 303 1542 So.
358 1495 482 1556 Quid
502 1494 666 1554 igitur,
695 1497 732 1539 si
753 1497 946 1552 diceret3
981 1496 1286 1556 Sapientes
1314 1502 1486 1558 coqui

122 1559 478 1624 sapientium
516 1565 962 1618 consuetudine,
991 1580 1162 1622 nosque
1179 1565 1488 1626 interrogare-
1551 1610 1557 1614 .

84 1667 87 1670 Α
120 1650 262 1677 mus:
304 1646 391 1689 qua
419 1632 467 1674 in
493 1647 543 1673 re
561 1630 863 1689 sapientium?
905 1630 1012 1688 quid
1032 1631 1266 1681 arbitraris
1286 1650 1388 1682 eum
1411 1653 1488 1680 re-

124 1715 394 1762 sponsurum
416 1699 540 1742 esse?
563 1714 713 1743 nonne
736 1699 786 1742 in
808 1707 904 1742 arte
929 1697 1217 1755 coquinaria?

240 1790 348 1835 The.
403 1787 564 1831 Etiam.

241 1878 314 1920 So.
371 1873 539 1931 Quidsi
561 1873 869 1930 Sapientes
896 1874 1224 1918 luctatores
1252 1878 1490 1934 sapien-

128 1955 148 1990 t
159 1946 213 1987 iu
224 1959 270 1986 m
297 1959 319 1984 c
331 1959 356 1985 o
372 1958 404 1984 n
416 1958 436 1983 s
448 1957 478 1983 u
491 1949 542 1984 et
553 1956 582 1983 u
594 1941 621 1982 d
634 1941 690 1983 in
700 1956 725 1983 e
760 1941 926 1984 diceret
937 1974 949 1995 ,
983 1958 1154 2000 nosque
1190 1943 1492 2001 interrogare-

127 2029 230 2057 mus
262 2025 349 2068 qua
381 2009 432 2052 in
458 2022 510 2050 re
543 2007 837 2066 sapientium,
870 2024 1022 2054 nonne
1050 2011 1102 2055 in
1132 2011 1338 2056 luctando
1360 2027 1493 2071 repo-

127 2079 291 2123 neret?
1132 2088 1134 2090 ’

248 2166 358 2210 The.
410 2163 556 2207 Etiam
567 2196 577 2206 .

242 2254 315 2298 So.
372 2253 466 2296 Iam
501 2267 637 2308 quum
669 2250 856 2294 dixerit:
911 2250 973 2296 Sa
988 2253 1044 2310 pi
1057 2267 1121 2295 en
1133 2261 1213 2296 tes
1254 2263 1349 2312 tyr
1362 2258 1495 2305 anni

133 2319 486 2378 sapientium
515 2318 961 2372 consuetudine,
991 2320 1119 2363 nobis
1140 2323 1496 2380 rogantibusque.

134 2389 184 2432 in
204 2405 253 2430 re
272 2386 554 2446 sapientium,
575 2385 795 2442 Euripide
809 2386 830 2428 ’Ξ
852 2386 960 2444 quid
983 2389 1276 2447 responderet
1286 2391 1308 2432 ’ἶ
1336 2406 1494 2449 quam·

135 2470 241 2499 nam
260 2455 427 2498 diceret
446 2453 560 2496 hanc
585 2468 677 2495 esse
691 2453 712 2496 ’ἓ

256 2533 364 2576 The.
419 2532 770 2589 Haudquaquam
789 2532 939 2575 hercle
960 2534 1167 2593 equidem
1190 2535 1293 2580 scio.

250 2601 323 2642 So.
381 2599 519 2644 Visne
541 2614 622 2657 ego
643 2600 723 2642 tibi
743 2600 883 2643 dicam
896 2602 917 2644 ’ἐ

259 2667 366 2710 The.
424 2666 471 2710 Si
497 2668 576 2711 vis.
