1696 2898
616 251 1038 300 CHARMIDE'S.
1412 264 1515 327 '459

149 375 283 433 quam
318 375 513 433 reperiri
534 374 668 418 talem
688 373 1022 425 scientiamnec
1043 369 1182 418 ullam
1202 380 1317 420 esse:
1342 372 1520 428 ‘'Video,

145 442 305 500 inquit.
362 443 482 486 Num
523 441 663 499 igitur
677 454 694 494 ,·
726 441 913 498 inquam
926 439 942 492 ‚'
987 439 1073 484 hoc
1108 441 1242 486 habet
1266 437 1525 487 boilum-'ea

145 499 279 568 quam
313 522 434 553 nunc
451 499 718 552 ‘invenimus
738 508 1059 565 temperantia,
1089 509 1208 565 quod
1228 510 1303 567 qui
1327 518 1424 553 eam
1442 507 1522 552 lia-

135 576 480 635 ‘bet‚'qujcquid
503 576 624 619 aliud
644 575 793 626 discit,
811 574 1003 630 ,facilius
1030 574 1167 619 discet
1193 585 1235 619 et
1259 577 1524 620 dilucidiora

147 645 188 686 ei
212 643 366 688 omnia
388 644 682 702 apparebunt,
701 641 875 700 'quippe
898 643 974 699 qui
997 651 1178 699 praeter
1193 643 1240 685 id
1254 644 1372 700 quod
1387 644 1526 686 discat

146 711 279 754 etiam
302 711 533 756 scientiam
556 711 834 768 conspiciat?
861 718 905 752 et
917 709 1526 769 ceterosmeliusexplorabit

144 779 192 821 iu
214 779 269 821 iis
292 780 406 836 quae
429 779 526 836 ipse
546 775 725 836 quoque
748 777 967 830 didicerit,
995 776 1072 833 qui
1092 786 1204 820 vero'
1226 777 1323 820 sine
1343 777 1428 821 hoc
1439 794 1526 822 ex-

144 848 328 903 plorant
344 846 612 898 imbecillius
630 845 681 888 'et
701 845 897 888 deterius
919 844 1006 887 hoc
1026 843 1192 889 facient
1205 845 1228 888 ’ἓ
1256 852 1313 887 an
1324 878 1339 897 ‚
1353 847 1523 900 amice,

146 913 255 955 haec
275 913 372 960 fere
393 923 496 956 sunt
516 928 628 969 quae
649 912 947 970 temperantia
965 912 1092 954 nobis
1114 913 1299 956 allatura
1321 914 1402 966 sit,
1441 930 1524 957 nos

147 995 256 1022 vero
286 981 428 1023 maius
460 980 567 1036 quid
598 989 847 1037 spectamus
874 978 917 1024 et
934 981 1215 1038 postulamus
1234 985 1286 1023 ut
1308 981 1451 1024 maius
1469 982 1527 1025 sit

147 1062 279 1103 quam
302 1048 398 1091 est?
453 1038 660 1090 Forsitan
681 1048 851 1104 inquit,
887 1062 958 1090 res
980 1048 1044 1090 sic
1066 1063 1112 1090 se
1131 1046 1306 1091 habeat.

257 1114 950 1171 Fortasse,'inquam;sortasse
983 1121 1136 1167 autem
1170 1115 1397 1158 noshihil
1415 1116 1525 1159 utile

147 1181 462 1236 quaesivimus.
494 1197 626 1239 quam
654 1182 832 1239 quidem
848 1182 1269 1225 coniecturam‘ind'e'
1279 1182 1526 1239 facioquod
1545 1199 1548 1200 ⁷

145 1248 426 1290 admirabilia
464 1249 679 1304 quaedam
712 1249 827 1291 mihi
859 1250 915 1291 de
942 1251 1239 1308 temperantia
1254 1249 1355 1292 2se'o
1393 1260 1527 1308 erunt

145 1315 184 1358 si
217 1315 313 1358 talis
345 1315 414 1358 sit.
455 1315 687 1358 videamus
717 1315 863 1382 enim,
904 1317 943 1358 si
972 1317 1063 1367 vis,
1104 1316 1398 1361 concedentes
1421 1319 1525 1362 fieri

123 1384 275 1440 'posse
295 1389 346 1424 ut
366 1381 598 1425 scientiam
618 1382 714 1438 quis
739 1382 871 1433 sciat,
911 1391 954 1425 et
985 1397 1119 1439 quam
1139 1383 1271 1427 initio
1291 1386 1526 1443 posuimus

144 1449 490 1508 temperantiam
511 1464 621 1501 esse,
654 1448 769 1492 scire
789 1462 902 1506 quae
924 1450 1034 1493 sciat
1058 1459 1235 1508 et‘quae
1257 1453 1440 1506 nesciat,
1477 1454 1525 1496 id

145 1532 203 1560 ne
223 1518 512 1575 derogemuS,
541 1516 618 1559 sed
640 1516 885 1560 tribuamus
898 1533 912 1570 3
942 1527 987 1561 et
1016 1519 1169 1561 omnia
1189 1519 1300 1562 haec
1318 1521 1527 1565 'tribuen-

145 1594 209 1628 tes
241 1586 373 1629 etiam
403 1584 566 1627 melius
589 1582 820 1625 videamus
841 1598 898 1625 an
922 1584 1072 1642 aliqua
1098 1585 1152 1628 in*
1167 1590 1221 1628 're
1241 1602 1322 1629 nos
1342 1588 1466 1631 iuvet
1488 1589 1527 1631 si

144 1654 245 1697 talis
266 1653 347 1705 sit3
376 1665 481 1693 nam
500 1649 620 1706 quod
639 1648 775 1691 modo
799 1649 1069 1704 dicebamus,
1095 1648 1312 1708 magnum
1330 1654 1433 1697 fore
1443 1656 1526 1698 bo-

146 1735 260 1762 num
293 1716 637 1775 temperantiam
677 1716 714 1758 si
744 1715 844 1757 talis
875 1718 1012 1770 esset,
1049 1723 1209 1775 regen's
1239 1709 1527 1771 administra-

147 1787 341 1832 tionem„
370 1793 415 1828 et
455 1783 641 1826 domum
687 1793 731 1826 et
760 1783 1012 1836 civitatem,
1064 1785 1112 1827 id
1141 1783 1383 1845 ‘nonlbe‘ne
1411 1790 1526 1834 mihi

147 1854 382 1906 videmur,
444 1851 609 1904 Critia,
664 1851 949 1897 consensisse.
1036 1851 1133 1911 Qui
1176 1847 1355 1899 tandem
1370 1857 1392 1898 ’τ’
1450 1858 1526 1900 in-

150 1921 257 1978 quit.
315 1919 464 1978 Quia,
500 1918 710 1974 inquam,
748 1919 883 1960 nimis
913 1918 1044 1961 facile
1076 1921 1380 1964 consensimus
1400 1924 1524 1982 mag-

147 2003 260 2031 num
293 1985 472 2043 aliquod
503 1984 671 2027 bonum
704 1999 800 2026 esse
827 1985 1108 2039 hominibus,
1151 1987 1189 2029 si
1221 1989 1414 2046 quisque.
1436 2006 1525 2034 no·-

148 2065 291 2099 strum
313 2067 426 2110 quae
443 2051 577 2095 sciret
598 2066 648 2093 ea
664 2050 848 2102 faceret,
875 2067 926 2094 ea
947 2069 1055 2095 vero
1079 2068 1190 2110 quae
1214 2057 1407 2100 nesciret
1426 2058 1524 2102 aliis

150 2123 454 2166 committeret
471 2118 727 2162 scientibus.
755 2138 758 2142 “
785 2119 962 2171 Nonne,
991 2121 1153 2179 inquit,
1183 2112 1523 2180 recte'consen-

147 2189 319 2233 simus?
347 2189 452 2231 Non
474 2186 588 2229 mihi
610 2187 833 2238 videmur,
859 2187 1059 2244 inquam.
1101 2190 1394 2233 Admirabilia
1418 2198 1523 2235 sane

151 2258 276 2310 dicis,
303 2255 464 2312 inquit,
493 2254 689 2298 Socrate.
747 2252 863 2296 Sane
883 2269 965 2311 per
987 2270 1157 2307 canem,
1186 2258 1384 2314 inquam,
1409 2259 1522 2303 mihi

149 2338 327 2381 quoque
349 2323 412 2365 ita
430 2322 625 2366 videtur.
684 2320 781 2363 Huc
801 2321 933 2365 etiam
955 2338 1090 2380 supra
1111 2325 1354 2383 respiciens
1376 2326 1520 2369 admi-

148 2391 309 2436 rabilia
327 2389 441 2432 mihi
472 2389 569 2431 dixi
601 2403 818 2446 apparere
840 2404 1002 2446 meque
1029 2391 1189 2434 timere
1211 2403 1268 2436 n'e
1291 2408 1382 2437 non
1401 2405 1522 2439 recte

149 2470 249 2500 rem
269 2457 668 2500 consideraremus.
734 2455 941 2498 Profecto
973 2457 1118 2511 enim,
1156 2458 1194 2502 si
1225 2464 1522 2520 temperantia

150 2524 249 2565 talis
283 2533 348 2567 est
375 2524 599 2574 maxime,
629 2522 813 2564 minime
837 2522 946 2565 mihi
969 2523 1109 2581 liquet
1134 2528 1240 2583 quid
1262 2529 1521 2575 boni'nobis

153 2589 324 2632 efficiat.
381 2589 476 2648 Qui
506 2590 717 2632 tandem?
759 2589 920 2647 inquit.
943 2591 1037 2642 dic,
1070 2601 1118 2636 ut
1141 2609 1222 2637 nos
1245 2612 1422 2653 quoque
1443 2615 1522 2640 co-

151 2672 410 2714 gnoscamus
446 2657 553 2713 quid
583 2657 758 2701 sentias.
826 2658 940 2700 Puto
970 2659 1178 2714 quidem,
1206 2663 1415 2719 inquam,
1450 2681 1521 2706 mc

151 2724 338 2781 nugari3
374 2733 523 2768 tamen
550 2725 670 2782 quod
698 2723 810 2768 mihi
834 2734 1020 2782 apparet
1048 2728 1419 2772 considerandum
1443 2746 1520 2773 nec
