1670 2872
507 158 960 216 EUTHYPHRO.
1357 173 1417 210 93

164 294 253 338 Eu.
305 289 591 342 Mercatoria,
622 286 663 329 si
678 286 740 329 ita
762 285 990 343 appellare
1007 283 1089 330 tibi
1109 283 1252 345 magis
1266 283 1424 343 placet.

164 360 237 416 So.
295 361 357 404 At
379 359 524 403 nihilo
541 354 682 412 magis
701 353 849 412 placet
864 351 993 404 mihi,
1017 352 1104 395 nisi
1123 353 1247 396 idem
1267 367 1428 396 verum

54 441 130 475 est.
158 444 294 487 quare
327 427 504 485 explica
523 423 661 476 mihi,
691 435 911 479 quaenam
930 419 1096 462 utilitas
1117 421 1170 463 ad
1192 421 1427 473 deos,red-

57 498 189 542 undat
210 513 270 541 ex
291 495 419 539 donis
441 508 552 551 quae
572 506 598 533 a
620 489 747 533 nobis
768 487 1024 546 accipiunt?
1052 502 1156 531 nam
1178 503 1290 545 quae
1309 488 1430 541 dant,

55 570 188 610 nemo
209 566 409 622 ignorat3
435 560 612 604 nullum
633 567 698 601 est
719 556 840 599 enim
866 554 996 598 nobis
1016 554 1187 597 bonum
1206 556 1324 612 quod
1341 556 1432 615 ipsi
1479 573 1484 576 ·

52 649 152 678 non
170 631 396 684 dederint3
423 643 535 686 (luae
555 637 709 671 autem·
723 640 748 667 a
768 624 897 667 nobis
915 623 1163 681 accipiunt,
1192 623 1299 679 quid
1319 640 1432 682 pro-

51 709 156 744 sunt
174 700 282 758 ipsis
296 699 317 741 ¹?
347 713 403 741 an
423 704 599 738 tantum
628 710 703 736 eos
725 693 775 736 in
794 691 877 735 hac
898 701 1149 735 mercatura
1173 693 1430 748 praeverti—

52 784 151 810 mus
167 800 179 821 ,
204 777 259 810 ut
280 765 431 810 omnia
448 764 566 806 bona
587 763 646 806 ab
666 761 723 805 iis
741 760 1038 819 accipiamus,
1058 760 1148 819 ipsi
1170 774 1280 804 vero
1301 775 1326 803 a
1343 774 1432 812 κιο-ς·

52 836 117 878 bis
139 834 288 877 nihil?
655 884 657 886 q

163 903 252 946 Eu.
309 903 433 946 Num
458 909 610 959 putas,
638 898 847 949 Socrate,
885 897 990 941 deos
1008 895 1250 940 utilitatem
1272 911 1433 956 capere

56 984 116 1011 ex
137 970 192 1012 iis
215 985 327 1027 quae
352 984 377 1011 a
393 969 522 1011 nobis
542 967 801 1025 accipiunt?

172 1038 246 1080 So.
300 1038 361 1080 At
379 1035 486 1092 quid
506 1035 686 1077 tandem
709 1042 858 1084 erunt,
888 1031 1177 1091 Euffiyphro,
1195 1031 1313 1075 'haec
1332 1033 1438 1089 qui-

55 1105 137 1148 bus
157 1121 182 1148 a
204 1104 334 1146 nobis
356 1104 582 1145 donantur
603 1101 698 1144 dii?

167 1173 261 1216 Eu.
316 1170 439 1228 Quid
466 1185 616 1212 censes
643 1168 764 1211 aliud
788 1183 924 1226 quam
946 1168 1120 1211 cultum
1153 1177 1196 1212 et
1213 1168 1436 1215 honorem

56 1249 126 1292 et,
153 1239 270 1296 quod
290 1237 423 1280 modo
447 1236 671 1288 dicebam,
697 1236 923 1292 gratiam?

166 1308 239 1350 So.
298 1306 491 1349 Gratum
510 1304 649 1361 igitur
670 1311 749 1355 est,
780 1304 846 1346 mi
865 1302 1156 1361 Euffiyphro,
1178 1304 1324 1362 pium,
1343 1319 1436 1349 non

55 1376 164 1420 utile
184 1390 329 1433 neque
352 1388 508 1416 carum
526 1370 625 1413 diis:

167 1444 255 1487 Eu.
311 1443 459 1485 Immo
491 1438 687 1483 arbitror
708 1438 916 1497 equidem
946 1440 1152 1483 omnium
1177 1454 1271 1483 esse
1293 1441 1437 1483 caris-.-

58 1511 240 1557 simum.

96 1625 99 1629 ,
167 1581 241 1623 So.
297 1574 420 1635 Ergo
453 1590 636 1629 rursus,
671 1583 723 1620 ut
753 1576 956 1633 videtur,
985 1577 1123 1637 'pium
1153 1583 1217 1620 est
1242 1575 1289 1618 id
1316 1576 1437 1633 quod

58 1648 142 1692 diis
170 1656 236 1691 est
257 1660 426 1690 carum.

169 1716 261 1759 Eu.
314 1714 530 1757 Maxime.
1297 1755 1300 1757 ,

172 1784 244 1828 So.
301 1783 472 1826 Iamme
491 1780 602 1824 haec
630 1782 693 1824 ita
713 1782 942 1840 explicans
969 1782 1268 1834 admirabere,
1296 1782 1333 1824 si
1357 1780 1442 1824 tibi

64 1851 178 1894 dicta
199 1865 293 1892 non
321 1850 561 1892 consistere
592 1849 825 1902 videntur,
861 1850 937 1893 sed
959 1850 1266 1902 inambulare,
1299 1857 1344 1891 et
1366 1864 1442 1892 me

65 1917 288 1975 culpabis,
327 1917 445 1974 quod
480 1917 606 1960 velut
638 1917 860 1960 Daedalus
895 1918 1010 1960 hanc
1042 1918 1104 1960 eis
1136 1917 1443 1959 inambulandi

62 1986 158 2027 vim
180 1983 379 2027 iniiciam
394 2017 409 2035 ,
439 1999 578 2040 quum
599 1985 697 2042 ipse
719 1986 885 2028 artifex
912 1987 1054 2029 multo
1077 1986 1223 2028 maior
1241 1985 1298 2026 sis
1318 1985 1442 2026 Dae-

65 2053 167 2094 dalo
182 2083 194 2104 ,
222 2061 273 2095 ut
297 2050 373 2108 qui
396 2065 446 2092 ea
469 2050 602 2092 facias
623 2052 755 2093 etiam
774 2053 822 2094 in
856 2053 1014 2095 orbem
1040 2052 1279 2093 circumire
1293 2051 1314 2092 ’Β
1354 2065 1443 2093 an-

61 2135 156 2163 non
176 2119 311 2162 sentis
332 2119 580 2161 orationem
608 2118 739 2161 nobis
772 2119 893 2160 unde
921 2120 1114 2175 digressa
1133 2117 1441 2162 circumiverit

65 2189 224 2231 eodem
250 2185 450 2228 redisse?
488 2184 733 2227 meministi
756 2185 905 2239 enim,
935 2187 1066 2243 pium
1098 2194 1141 2228 et
1172 2185 1255 2228 diis
1287 2200 1442 2228 carum

66 2257 117 2299 in
138 2253 444 2313 superioribus
462 2251 580 2295 haud
609 2253 730 2296 idem
757 2252 887 2295 nobis
926 2254 1072 2297 visum
1105 2268 1224 2308 esse,
1263 2253 1341 2296 sed
1372 2252 1443 2304 diff

65 2340 195 2368 versa
212 2324 332 2365 inter
355 2335 424 2373 se3
451 2336 602 2363 annon
626 2319 903 2365 meministi?

178 2391 269 2434 Ειι.
329 2388 601 2431 Admodum.

182 2458 257 2501 So.
311 2456 442 2499 Nunc
473 2471 584 2499 vero
610 2471 701 2499 non
730 2456 1044 2501 animadvertis
1062 2466 1106 2500 te
1142 2457 1257 2515 quod
1288 2471 1443 2500 carum

72 2533 136 2569 est
156 2525 237 2567 diis
259 2524 388 2582 pium
407 2524 587 2568 dicere?
617 2524 701 2568 hoc
723 2535 873 2571 autem
890 2525 937 2570 id
956 2535 1020 2571 est
1041 2525 1160 2584 quod
1181 2525 1264 2568 diis
1284 2540 1435 2568 carum

72 2594 259 2637 dicimus
274 2593 296 2635 ’ἓ
325 2606 475 2634 nonne
487 2593 508 2634 ’ἓ

182 2661 271 2704 Ειι.
329 2658 443 2706 Sane
467 2660 681 2716 quidem?
