1696 2898
583 141 1000 200 nummum.
1058 126 1062 139 '
1316 124 1319 127 '
1376 131 1472 198 <447

110 278 301 326 scrutari
326 274 660 333 'quid‘quisque
689 275 816 319 aciat-v
829 285 966 330 seque
984 273 1098 315 scire
1117 269 1282 328 putem*
1294 270 1340 326 ui
1357 270 1478 320 sciat,

116 343 408 404 quid-*contra
429 358 477 386 se
499 335 624 400 putet
641 341 770 394 scire,
803 355 892 384 nec
911 339 1034 392 sciat,
1062 339 1477 396 reliquorum-‘vero

114 412 277 457 nullus.>
301 406 606 467 et‘hocigitur
627 418 694 452 est
709 415 1034 466 temperantem
1057 421 1150 448 esse
1169 415 1214 451 et
1224 415 1482 464 tem-perans

112 481 173 522 tia
198 488 259 523 et·
278 477 418 522 sem‘et
447 477 599 538 ipsum
629 491 816 519 noscere
847 475 961 518 scire
993 473 1105 529 quae
1136 473 1245 516 sciat
1281 489 1483 531 quaeque

106 546 302 589 nesciat.v
331 550 494 590 s'untne
519 545 605 588 ista
638 558 750 602 quae
788 541 933 586 dicis?
988 540 1085 598 Ego
1115 555 1220 583 sane
1238 539 1347 582 haec
1371 541 1484 595 dico,

113 615 274 672 inquit.
302 615 473 658 Rursus
494 613 649 670 igitur,
676 612 877 669 inquam,
904 609 1089 653 tertium
1113 623 1163 650 ac
1187 614 1484 665 postremum,

112 693 341 740 tamquam
383 681 437 724 ab
465 680 603 723 initio
632 685 906 738 spectemus,
951 676 1153 735 primum
1182 690 1238 717 au
1270 675 1370 718 fieri
1398 676 1485 719 hoc

113 751 252 810 possit
278 750 444 801 necne,
481 755 533 790 ut
566 746 662 804 quis
695 760 808 804 quae
838 745 947 788 sciat
975 758 1176 801 quaeque
1194 743 1361 786 nesciat
1380 745 1488 787 soiat

114 835 160 863 se
187 818 300 862 scire
319 825 362 860 et
381 814 568 867 nescire,
597 813 816 866 deindesi
833 811 935 856 fieri
953 812 1094 870 possit
1110 812 1326 865 maxime,
1350 827 1486 869 quam

113 889 200 930 hoc
218 886 404 929 scientes
426 874 664 926 utilitatem
685 880 927 938 capiamus.
963 882 1155 938 Oportet
1173 887 1297 929 vero,
1324 879 1487 936 inquit,

101 953 316 1012 *spectari
372 950 603 1008 Agedum,
629 948 812 1005 inquam
827 981 842 1000 ,
871 947 1036 1002 Gri'tia,
1064 946 1194 999 vide,
1238 946 1487 999 anvfacilius

114 1022 162 1064 id
184 1018 402 1079 expedire
425 1018 567 1076 possis
588 1032 722 1074 quam
744 1031 825 1072 ego
838 1031 852 1070 ς
892 1030 974 1073 ego
998 1011 1120 1058 enim
1139 1014 1307 1057 haesito
1317 1032 1334 1068 ς
1371 1030 1487 1071 quo-

114 1087 250 1131 modo
263 1100 381 1130 vero
401 1084 640 1137 haesitem,
673 1084 810 1127 tibine
831 1082 974 1126 dicam
989 1084 1011 1126 ’Ξ
1055 1083 1173 1127 Sane
1190 1081 1388 1140 quidem,
1411 1082 1488 1124 in-
1503 1090 1519 1121 1

116 1156 226 1213 quit.
281 1154 443 1197 Nonne
463 1151 603 1209 igitur
617 1182 629 1203 ‚
653 1151 857 1208 inquam,
898 1150 1048 1193 omnia
1070 1150 1199 1203 haec,
1235 1149 1273 1200 si
1292 1164 1400 1192 vere
1421 1158 1489 1192 est

115 1222 233 1281 quod
263 1230 310 1264 tu
339 1220 472 1261 modo
509 1218 709 1269 dicebas,
751 1233 842 1260 una
868 1218 1091 1274 quaedam.
1119 1218 1306 1262 scientia
1337 1224 1485 1268 erunt,

114 1305 225 1347 quae
244 1288 411 1330 nullius
432 1286 543 1328 alius
564 1285 650 1328 erit
670 1283 756 1327 nisi
778 1286 943 1328 suimet
961 1285 1102 1342 ipsius
1132 1293 1176 1327 et
1204 1283 1488 1341 reliquarum

114 1355 398 1400 scientiarum
416 1351 623 1401 scientia,
660 1352 856 1407 itemque
877 1349 1147 1394 inscientiae
1171 1352 1326 1394 eadem
1345 1351 1487 1394 haec?

116 1424 231 1468 Sane
261 1421 456 1479 quidem.
512 1419 632 1463 Vide
664 1418 802 1476 igitur
833 1434 967 1476 quam
1001 1419 1248 1478 pugnantia
1260 1420 1396 1477 2loqui
1413 1420 1488 1462 in-

116 1492 347 1535 stituamus
358 1521 378 1540 „
412 1487 578 1542 amice3
617 1485 667 1530 in
685 1486 784 1529 aliis
805 1486 928 1529 enim
949 1487 1070 1531 idem
1089 1486 1177 1529 hoc
1197 1487 1235 1529 si
1253 1486 1488 1544 quaesive-

116 1560 204 1611 ris,
240 1557 467 1601 videbitur
490 1556 570 1598 tibi
582 1585 597 1605 ‚
625 1561 678 1596 ut
696 1554 918 1605 arbitror,
943 1555 1044 1598 fieri
1064 1569 1318 1612 non-posse.
1358 1554 1490 1612 Quo—

113 1626 249 1669 modo
268 1625 449 1667 tandem
469 1629 515 1664 et
536 1620 722 1663 ubinam
737 1619 760 1662 ’ἓ
815 1621 871 1662 In
893 1621 976 1664 his.
1005 1630 1165 1679 reputa
1184 1622 1305 1665 enim
1328 1637 1384 1664 an
1406 1623 1490 1666 tibi

114 1693 321 1736 videatur
355 1690 475 1732 visus
505 1688 662 1744 aliquis
694 1703 814 1741 esse,
851 1689 952 1744 qui,
992 1703 1188 1745 quorum
1216 1688 1381 1744 reliqui
1400 1689 1489 1732 sint

116 1759 268 1810 visus,
301 1772 459 1800 eorum
483 1771 578 1798 non
600 1755 658 1798 sit
680 1755 826 1805 visus,
868 1756 936 1797 sui
959 1771 1067 1798 vero
1087 1755 1227 1813 ipsius
1250 1764 1294 1798 et
1315 1764 1489 1799 cetero-

117 1841 220 1869 rum
240 1825 418 1868 visuum
437 1824 558 1867 visus
577 1821 633 1866 sit
654 1823 852 1879 itemque
877 1838 1033 1865 eorum
1055 1823 1130 1879 qui
1150 1838 1243 1866 non
1254 1823 1487 1872 sintvisus,

120 1901 164 1935 et
195 1894 390 1935 colorem
420 1890 603 1949 quidem
636 1890 815 1932 nullum
843 1897 1021 1938 cernat,
1060 1891 1164 1934 licet
1190 1891 1310 1933 visus
1330 1888 1413 1943 sit,
1441 1906 1489 1933 se

117 1961 215 2018 ipse
235 1974 343 2002 vero
361 1955 643 2015 reliquosque
658 1958 795 2000 visus.
833 1973 941 2000 num
965 1957 1144 1999 videtur
1166 1957 1247 2000 tibi
1270 1958 1492 2002 eiusmodi
1524 1952 1529 1956 ⁵

118 2027 278 2084 aliquis
310 2027 434 2069 esse?
502 2023 857 2081 Haudquaquam
891 2025 1055 2067 hercle.
1123 2025 1282 2081 Quid?
1317 2022 1490 2067 auditus

119 2094 195 2151 qui
214 2109 368 2149 vocem
391 2089 571 2149 quidem
594 2091 764 2133 nullam
787 2092 948 2144 audiat,
971 2107 1017 2134 se
1041 2108 1149 2134 vero
1169 2093 1265 2150 ipse
1293 2101 1491 2135 ceteros-

119 2177 204 2218 que
235 2162 410 2204 auditus
441 2159 590 2201 audiat
617 2159 811 2215 itemque
845 2174 920 2202 eos
952 2159 1027 2216 qui
1049 2175 1142 2201 non
1163 2161 1253 2207 sint
1282 2156 1489 2203 auditus?

117 2228 211 2270 Nec
246 2228 341 2270 hoc.
398 2227 452 2270 In
487 2227 746 2269 universum
779 2226 919 2283 igitur
951 2226 1180 2269 considera
1202 2228 1255 2271 de
1279 2226 1489 2271 omnibus

119 2285 339 2348 sensibus,
386 2308 443 2336 an
465 2288 622 2351 aliquis
641 2294 724 2336 tibi
743 2292 947 2337 videatur
967 2310 1059 2337 esse
1077 2311 1284 2338 sensuum
1307 2291 1490 2352 quidem

117 2367 269 2404 sensus
302 2370 346 2404 et
372 2363 534 2405 suimet
552 2362 716 2419 ipsius,
752 2377 911 2406 eorum
936 2378 1046 2406 vero
1070 2378 1182 2419 quae
1204 2363 1366 2419 reliqui
1384 2377 1488 2404 sen-

120 2444 191 2470 sus
222 2430 474 2488 percipiant
491 2429 606 2472 nihil
625 2430 903 2488 percipiens.
958 2430 1074 2473 Mihi
1097 2431 1372 2487 neutiquam.
1427 2430 1493 2472 At

122 2495 338 2551 cupiditas
366 2497 541 2541 videtur
560 2497 644 2540 tibi
668 2497 814 2554 aliqua
834 2512 926 2540 esse
940 2530 952 2551 ,
989 2512 1101 2555 quae
1122 2498 1363 2556 voluptatis
1384 2497 1488 2553 qui-

122 2562 223 2604 dem
258 2563 422 2606 nullius
449 2564 506 2607 sit
536 2564 774 2621 cupiditas,
817 2566 979 2608 suimet
999 2580 1107 2607 vero
1129 2564 1269 2622 ipsius
1290 2565 1489 2619 reliqua-

120 2645 312 2686 rumque
353 2630 676 2689 cupiditatum?
730 2630 921 2676 Minime
951 2647 1086 2683 ,vero.
1155 2633 1312 2689 Neque
1353 2630 1487 2672 etiam
