1696 2898
574 161 992 211 CHARMIDES.
1118 208 1120 210 ,
1371 163 1465 201 445

112 289 250 332 arte?
284 272 502 344 Quidni?
558 268 715 338 Atque
737 280 871 338 etiam
899 274 1179 337 ponderandi
1198 274 1471 332 ars'gravio-

111 357 173 399 ris
193 347 238 399 et
253 352 437 397 l‘evioiis
457 349 668 408 ponderis
691 348 874 390 scientia
894 355 983 394 est·
1011 345 1187 387 dive1sa
1213 350 1363 385 autem
1374 350 1478 384 sunt

110 432 245 479 giave
273 428 318 462 et
348 421 448 461 leve
475 417 529 458 ab
561 415 657 472 ipsa
686 413 963 473 ponde1andi
995 421 1113 465 arte3
1155 426 1212 454 an
1241 409 1478 454 concedis?
1526 414 1529 416 ’

109 489 205 544 Ego
235 502 354 529 vero
414 484 498 528 Dic
532 484 696 540 igitur,
736 478 1032 539 temperantia
1050 493 1228 536 quoque
1246 477 1480 520 cuiusnam

108 555 165 598 sit
187 554 382 605 scientia,
403 551 505 608 quid
533 549 758 592 diversum
785 550 842 610 sit
862 549 1030 605 abipsa
1041 545 1345 603 temperantia.
1386 545 1483 588 Hoc

110 631 174 665 est
194 621 319 672 illud,
347 619 516 676 inquit-‚r
537 617 732 671 Socrate,
763 616 816 658 ad
841 616 1012 674 ipsum*
1024 613 1186 656 venisti
1208 614 1483 669 quaerendo,

113 689 231 746 quod
276 686 428 730 differt
453 686 574 727 in'ter
602 686 946 743 temperantiam
979 686 1224 738 omnesque
1254 678 1486 739 scientiasr,

111 767 160 800 tu
208 771 318 798 vero
373 752 710 797 similitudinem
751 751 971 810 quandam
1015 750 1108 792 eius
1150 762 1255 792 cum
1301 747 1486 804 reliquis

113 824 323 882 postulas.
349 820 435 868 hoc
454 829 602 863 autem
624 835 717 863 non
740 821 803 863 sic
821 819 1046 870 sehabet,
1073 816 1148 859 sed
1170 815 1369 876 reliquae
1387 830 1487 857 om-

113 906 192 934 nes
219 891 329 933 alius
360 897 461 932 sunt
481 888 715 941 scientiam
754 898 847 944 non
870 896 1010 930 semet
1028 887 1256 943 ipsarum,
1283 883 1360 926 illa
1380 898 1490 925 vero

115 960 209 1001 sola
233 967 274 1001 et
296 957 570 1014 reliquarum
593 955 878 998 scientiarum
899 954 1081 997 scientia
1109 960 1235 994 estet
1255 950 1488 1008 suiipsius.

117 1033 160 1067 et
193 1025 277 1067 hoc
306 1025 501 1068 multum
534 1024 654 1066 abest
685 1031 734 1066 ut
765 1031 809 1066 te
842 1022 1009 1078 fugiat·⁹
1046 1028 1090 1063 at
1120 1019 1238 1061 enim
1257 1050 1268 1070 ‚
1312 1019 1492 1075 opinor,

118 1093 237 1148 quod
260 1092 392 1134 modo
412 1092 600 1150 negabas
622 1099 662 1134 te
682 1079 854 1143 faceress
873 1079 968 1132 *hoc
988 1088 1138 1141 facis-3·
1152 1101 1226 1128 me
1248 1085 1369 1127 enim
1393 1093 1488 1127 stu-

117 1161 193 1201 des
214 1159 483 1216 redarguere
498 1191 509 1211 ‚
547 1159 827 1216 neglectoeo
846 1157 900 1199 de
921 1170 1010 1214 quo
1035 1154 1210 1213 agitu'rz-
1225 1152 1355 1210 Quid
1370 1153 1391 1194 ’ἶ
1420 1152 1493 1194 in-
1555 1190 1558 1196 Δ

117 1231 278 1283 quam,
318 1234 425 1268 tune
447 1235 601 1284 putam,
636 1226 673 1268 si
700 1233 742 1268 te
765 1225 986 1282 redarguo
1009 1223 1234 1271 maxime,
1267 1220 1403 1282 ‘aliam
1434 1219 1491 1260 ob

116 1308 291 1337 causam
323 1307 395 1334 me
425 1294 717 1350 redaiguere‚
753 1306 885 1348 quam
927 1291 983 1333 ob
1013 1305 1111 1332 eam
1144 1290 1198 1331 de
1216 1302 1305 1344 qua
1326 1295 1494 1330 memet

117 1362 267 1420 ipsum
297 1367 555 1418 perscruter
558 1326 690 1415 cquid
712 1358 862 1400 dicam
869 1389 880 1410 ,
919 1373 999 1399 vei
1002 1370 1079 1399 ens
1102 1371 1159 1398 ne
1179 1352 1390 1426 umquam
1417 1355 1494 1397 in—

120 1429 262 1472 sciens
283 1427 539 1470 existimem
565 1441 638 1468 me
662 1425 828 1485 aliquid
849 1425 983 1477 scire,
1023 1431 1073 1465 ut
1091 1423 1206 1467 nihil
1224 1423 1359 1466 sciam
1376 1424 1398 1466 ’ἓ
1426 1432 1497 1467 at·-

121 1511 207 1554 que
224 1510 345 1538 nunc
368 1508 542 1551 quoque
563 1493 768 1550 equidem
791 1509 864 1536 me
887 1493 985 1535 dico
1008 1491 1093 1534 hoc
1119 1489 1290 1543 fiicere,
1319 1506 1496 1534 sermo-

119 1579 225 1622 nem
256 1562 496 1620 explorare
527 1560 737 1603 maxime·
759 1561 939 1617 quidem
972 1575 1073 1601 mea
1102 1574 1256 1611 causa,
1305 1560 1496 1601 fortasse

121 1640 266 1675 autem
290 1630 422 1672 etiarn
445 1636 701 1669 ceterorum
720 1628 862 1684 gratia
888 1627 964 1683 qui
990 1626 1102 1668 mihi
1115 1617 1356 1668 familiares
1367 1635 1496 1675 sunt3

122 1714 179 1741 an
210 1711 299 1739 non
333 1709 571 1736 commune
595 1694 678 1735 hoc
703 1709 851 1736 censes
863 1696 1033 1737 bonum
1056 1707 1148 1735 esse
1167 1692 1265 1734 fere
1287 1692 1497 1734 omnibus

123 1763 406 1810 hominibus,
444 1761 480 1803 si
511 1761 733 1817 quomodo
757 1778 803 1804 se
822 1762 984 1804 habeat
1002 1775 1201 1817 quaeque
1221 1772 1293 1802 res
1314 1759 1495 1818 pateat?

124 1832 339 1882 Omnino,
366 1828 524 1885 inquit,
552 1843 632 1885 ego
655 1844 826 1889 censeo,
853 1828 1051 1872 Socrate.
1103 1827 1315 1869 Fidenter
1339 1827 1495 1884 igitur,

123 1899 304 1955 inquam
318 1928 330 1948 ‚
360 1911 386 1938 o
406 1896 524 1937 bone
541 1927 552 1948 ,
581 1896 855 1954 respondens
881 1895 1103 1952 quomodo
1126 1894 1206 1937 tibi
1227 1893 1430 1936 videatur
1451 1893 1500 1936 id

126 1964 245 2023 quod
271 1963 526 2019 interrogo,
564 1963 690 2006 mitte
723 1979 939 2020 quaerere
966 1972 1119 2006 utrum
1140 1962 1303 2004 Critias
1338 1962 1394 2005 sit
1421 1961 1499 2018 qui.

124 2032 418 2088 redarguatur
439 2043 494 2071 an
522 2029 738 2081 Socrates,
769 2033 822 2073 ad
841 2031 990 2087 ipsum
1012 2045 1120 2072 vero
1131 2044 1382 2072 sermonem
1396 2028 1498 2071 aui-

124 2116 252 2144 mum
282 2097 510 2140 attendens
528 2097 632 2140 vide
654 2112 740 2153 quo
759 2112 970 2139 evasurus
992 2097 1049 2139 sit
1070 2097 1311 2141 convictus.
1369 2096 1500 2151 Sane,

125 2165 288 2224 inquit,
318 2164 517 2207 facturus
539 2180 638 2207 sum
660 2166 749 2216 ita3
776 2165 947 2222 videris
961 2166 1030 2206 eni
1039 2181 1080 2207 m
1105 2164 1216 2206 mihi
1230 2173 1351 2208 recte
1362 2164 1499 2222 loqui.

126 2235 214 2276 Dic
232 2233 395 2289 igitur,
424 2231 633 2287 inquam,
664 2231 717 2273 de
746 2233 1038 2290 temperantia
1058 2233 1160 2289 quid
1185 2233 1363 2277 sentias.

237 2300 350 2342 Dico
375 2298 535 2354 igitur,
568 2298 737 2355 inquit,
777 2314 874 2342 eam
898 2300 1035 2342 solam
1064 2316 1123 2343 ex
1144 2300 1331 2357 reliquis
1352 2300 1499 2343 scien-

129 2367 201 2409 tiis
230 2376 321 2409 tam
351 2366 418 2408 sui
447 2365 588 2422 ipsius
621 2381 754 2422 quam
773 2375 1020 2411 ceterarum
1045 2368 1330 2411 scientiarum·
1351 2361 1500 2410 s'cien-

130 2434 237 2475 tiam
257 2447 361 2475 esse.
392 2434 572 2482 Nonne,
602 2434 799 2490 inquam,
828 2434 958 2478 etiam
980 2436 1240 2478 inscientiae
1258 2435 1498 2477 eritscien-

130 2499 214 2550 tia,
240 2500 456 2556 siquidem
478 2501 718 2543 scientiae?
775 2500 890 2560 Sane
912 2502 1115 2558 quidem,
1147 2503 1302 2559 iuquit.
1355 2503 1497 2544 Tem-

130 2582 291 2623 perans
322 2567 456 2622 igitur
489 2569 607 2609 solus
627 2584 673 2610 se
705 2570 800 2625 ipse
835 2579 986 2612 noscet
1013 2578 1054 2612 et
1077 2573 1311 2627 explorare
1332 2570 1498 2626 poterit

132 2633 238 2689 quid
258 2634 362 2676 sciat
385 2642 428 2677 et
446 2635 551 2691 quid
572 2636 762 2690 nesciat,
790 2638 986 2694 itemque
1007 2644 1175 2680 ceteros
1202 2639 1366 2696 poterit
1386 2651 1495 2693 per-
