1734 2872
579 200 622 247 Τ-
649 205 710 246 Ηι
731 198 843 246 Em.
872 199 1054 244 oansssa
1385 208 1492 248 uno-9

123 327 219 369 se'sb
246 313 409 369 'offerre
437 325 594 367 contra
624 330 670 364 te
702 314 1500 379 efsseuecemereffamsfuamwdiqizid

115 380 682 447 'site-‘'uE't'sane-ssitaquam
693 403 714 442 ·‚‘-
735 381 971 431 sinaei-res.
983 388 1129 432 habet.
1159 388 1398 440 :Aiatsffitffl
1425 388 1501 431 in·-

122 461 232 518 quit.
255 451 525 511 nonnesdst,
543 452 990 515 §priusqfiamktecum
1013 455 1502 512 versatusessetfiq'na-

119 528 176 573 lis
209 527 351 570 fuerit
382 525 658 587 homuncio?
709 524 828 584 Non,
844 523 1048 583 videtur,
1079 523 1289 585 inquam,
1318 523 1504 566 meher-

110 594 232 636 'cnle.
263 594 492 638 *Arver'd
522 593 635 651 ipse*
665 593 892 650 ''qu'oijfi'es's
917 590 1087 648 inquit}
1136 588 1369 633 ridiculh's-
1388 606 1502 643 sum,

122 661 319 705 Socrate.
378 661 472 704 Cur
496 661 703 704 tandem?
727 655 931 717 iuquam:
969 652 1506 717 'Qdia‚'inquit·,²priusu

122 745 256 788 quam
288 729 656 793 enavigaveram,
693 742 798 775 cum
835 726 1154 791 quovispotui
1179 726 1397 787 disserere
1420 741 1504 769 nec

112 787 215 841 ''1‘1‘ll'5
257 786 1252 852 me‘'‘fletei1b³i³6m'eiiii‘ibui'‘’1‘n*'disputando3
1281 787 1505 850 'quocirca

123 865 255 907 etiam
285 864 691 908 eruditissimorum
720 862 960 906 hominum
993 877 1258 919 congressus
1283 861 1505 913 sectabar3

123 946 243 974 nunc
264 947 375 974 vero
397 946 456 974 ex
478 931 704 974 contrario
724 945 799 973 eos
821 929 973 988 fugio;
1011 922 1248 987 tantopere
1272 943 1346 970 me
1365 928 1508 987 pudet

124 999 305 1042 vilitatis
337 1013 476 1042 meae.
534 999 702 1042 Utrum
730 1013 866 1051 vero,
904 1000 1114 1055 inquam,
1152 1004 1340 1053 repente
1358 1004 1403 1038 te
1427 996 1507 1037 de-

124 1066 266 1108 seruit
284 1065 392 1107 haec
412 1065 596 1109 facultas
609 1099 620 1119 ‚
649 1082 707 1109 an
726 1066 961 1124 paullatim
974 1067 996 1108 ’ἶ
1053 1064 1315 1115 Paullatim,
1343 1063 1507 1120 inquit.

123 1132 182 1176 Et
213 1149 352 1190 quum
381 1135 463 1178 tibi
498 1135 774 1192 obtingeret,
806 1134 1015 1191 inquam,
1048 1141 1204 1175 utrum
1232 1132 1316 1175 tibi
1350 1131 1510 1188 obtigit

123 1201 293 1257 aliquid
325 1215 350 1242 a
386 1216 459 1243 me
491 1202 703 1254 discenti,
736 1201 909 1244 arr-alio
937 1201 1107 1244 modo?
1162 1200 1260 1259 Ego
1281 1199 1391 1252 tibi,
1434 1200 1510 1241 in·-

123 1268 243 1325 quit,
284 1267 454 1320 dicam,
495 1267 703 1320 Socrate,
738 1269 1006 1312 incredibile
1035 1266 1510 1326 quidemxmehercule.

125 1343 171 1378 at
189 1349 360 1379 verum.
392 1335 557 1377 etenim
582 1334 716 1376 didici
741 1336 923 1392 quidem
945 1353 970 1379 a
995 1344 1038 1378 te
1061 1335 1177 1376 nihil
1199 1349 1430 1391 umquam,
1460 1343 1513 1378 ut

123 1402 222 1459 ipse
239 1402 380 1453 nosti,
399 1460 402 1461 γ
419 1400 594 1458 profeci
617 1410 767 1444 tamen
793 1403 1159 1460 quotiescumque
1178 1410 1327 1444 tecum
1355 1417 1511 1445 versa-

124 1469 229 1522 bar,
266 1469 439 1512 etiamsi
459 1469 509 1511 in
541 1469 696 1513 eadem
722 1479 895 1514 tantum
917 1470 1052 1513 domo
1073 1485 1221 1523 eram,
1246 1470 1406 1513 nonin
1431 1487 1511 1513 eo-

126 1538 236 1582 dem,
262 1536 466 1580 cubiculo
481 1568 492 1589 ‚
531 1539 671 1594 magis
697 1554 808 1580 vero
830 1539 1007 1594 quando
1021 1537 1190 1580 'eodem
1210 1537 1260 1581 in
1279 1539 1513 1594 cubicu103

124 1607 257 1662 longe
276 1620 388 1648 vero
409 1604 551 1661 magis
569 1604 683 1646 mihi
702 1605 910 1654 videbar,
951 1605 1132 1662 quando
1152 1607 1202 1648 in
1224 1607 1382 1649 eodem
1405 1623 1514 1650 ver-

126 1687 226 1715 sans
268 1670 476 1715 cubiculo
516 1669 566 1711 in
595 1678 656 1712 'te
685 1671 907 1715 dicentem
936 1673 1172 1724 intuebar,
1213 1673 1354 1730 magis
1377 1689 1513 1730 quam

127 1753 270 1795 quum
306 1738 393 1780 alio
424 1737 688 1788 cernebam,
731 1748 775 1781 et
794 1739 928 1796 longe
948 1739 1149 1781 maxime
1169 1740 1514 1798 plurimumque

128 1805 420 1862 proficiebam
434 1837 447 1859 ,
477 1805 652 1862 quando
674 1805 804 1848 iuxta
821 1815 865 1849 te
889 1807 1097 1849 sedebam
1119 1823 1257 1850 manu
1286 1817 1330 1851 te
1354 1817 1514 1851 tenens

131 1882 174 1916 et
219 1883 419 1930 tangens.
458 1888 582 1916 nunc
611 1872 778 1931 igitur,
816 1874 994 1931 inquit,
1037 1875 1183 1918 omnis
1214 1875 1292 1919 illa
1324 1876 1513 1921 facultas

132 1939 318 1985 effluxit.

241 2040 324 2083 Est
340 2040 501 2097 igitur,
531 2039 738 2098 Theage,
765 2040 875 2084 haec
897 2044 1231 2087 consuetudinis
1250 2052 1428 2088 nostrae
1439 2058 1514 2088 ra*-

128 2106 220 2150 tio:
250 2107 287 2150 si
313 2107 395 2150 deo
419 2107 580 2165 placet,
611 2109 892 2166 permultum
910 2110 1117 2167 proficies
1138 2119 1181 2153 et
1193 2111 1414 2164 celeriter,
1444 2114 1514 2156 sin

128 2175 296 2228 minus,
322 2183 489 2218 contra.
521 2176 734 2233 quocirca
759 2176 862 2219 vide
887 2192 1039 2219 annon
1059 2178 1198 2220 tutius
1218 2178 1300 2221 tibi
1323 2180 1380 2223 sit
1394 2182 1514 2238 apud

131 2256 290 2285 eorum
323 2243 518 2300 aliquem
552 2243 725 2287 institui
752 2243 803 2286 iu
835 2254 1027 2302 quorum
1055 2245 1263 2303 ipsorum
1293 2256 1512 2306 potestate

131 2317 198 2352 est
224 2311 390 2354 utilitas
420 2325 556 2367 quam
575 2320 734 2368 parant
755 2309 1042 2363 hominibus,
1071 2314 1212 2372 magis
1232 2329 1366 2372 quam
1386 2332 1412 2360 a
1437 2332 1512 2360 me

133 2376 250 2431 quod
269 2377 362 2421 fors
388 2377 562 2422 dederit
582 2379 806 2436 consequi.

249 2475 361 2520 The.
417 2478 537 2520 Mihi
566 2494 676 2523 vero
706 2478 910 2534 videtur,
946 2480 1157 2537 Socrate,
1195 2483 1324 2527 nobis
1357 2485 1419 2528 ita
1442 2486 1514 2529 fa-

132 2540 338 2584 ciendum
382 2559 475 2588 esse
504 2555 556 2589 ut
591 2547 880 2606 experiamur
909 2548 1116 2593 divinum
1144 2550 1258 2593 illud
1288 2550 1409 2595 inter
1433 2569 1515 2597 nos

129 2619 358 2654 versantes
391 2620 434 2655 et
466 2614 504 2656 si
537 2615 796 2672 permiserit
819 2616 970 2669 nobis,
994 2617 1042 2659 id
1065 2619 1287 2676 optimum
1309 2620 1416 2670 erit,
1444 2621 1513 2662 sin

129 2675 309 2734 minus,
349 2687 448 2724 tum
478 2680 568 2723 iam
605 2683 752 2725 statim
782 2683 831 2726 in
864 2684 1099 2729 consilium
1123 2687 1291 2731 ibimus
1314 2686 1421 2744 quid
1443 2686 1512 2729 fa·-
