1734 2872
334 208 342 214 “
376 214 745 255 -APOLOGIA
789 208 1137 263 SOCRATIS.
1343 220 1435 260 155

71 334 367 393 suspicamur,
394 334 472 391 qui
490 333 660 376 malum
679 337 891 392 punimus
910 345 1007 375 esse
1024 339 1236 376 mortem:
1247 342 1251 348 ’
1281 342 1444 393 magno

72 403 118 446 id
148 409 408 460 argumento
439 401 760 452 confirmatum
796 414 986 459 prorsus
1017 402 1141 443 enim
1163 400 1449 445 adversatum

72 469 186 513 mihi
212 468 371 520 fuisset
396 476 660 514 consuetum
687 467 893 528 signum,
927 467 1016 512 nisi
1045 482 1127 526 ego
1149 468 1321 526 aliquid
1338 468 1451 512 boni

73 552 213 581 essem
231 543 561 594 assequuturus.
1011 531 1017 542 ’

179 604 527 650 Consideremus
553 604 647 649 iam
673 604 739 649 sic
767 617 970 662 quoque,
1009 619 1146 662 quam
1165 619 1329 664 magna
1348 621 1450 665 spes

71 671 132 715 sit
149 671 322 716 bouum
340 672 452 716 illud
474 688 579 717 esse.
601 672 656 716 de
673 673 846 717 duobus
865 673 990 716 enim
1007 673 1201 717 alterum
1215 683 1443 728 estmors3

71 753 178 783 nam
208 747 283 782 aut
312 740 434 784 velut
463 739 514 783 in
549 740 747 784 nihilum
775 741 985 784 interitus
1014 748 1102 794 est,
1141 748 1192 784 ut
1220 756 1280 784 ne
1304 742 1452 786 ullum

63 806 254 863 quidem
276 807 411 851 ullius
430 808 500 851 rei
520 824 701 854 sensum
717 809 911 853 retineat
930 816 1166 861 mortuus,
1200 817 1303 863 aut,
1331 810 1454 866 quod

73 873 204 930 volgo
244 874 430 929 dicitur,
481 877 772 921 commutatio
814 877 1030 933 quaedam
1072 884 1117 920 et
1147 876 1454 936 peregrinatio

73 941 215 983 animi
243 941 328 984 hac
358 959 418 986 ex
436 945 541 988 sede
560 944 668 988 hine
684 946 736 988 in
756 945 890 988 aliam
909 946 1078 990 sedem.
1120 960 1172 988 ac
1190 945 1287 989 sive
1307 945 1456 989 omnis

75 1023 231 1051 seusus
256 1010 452 1066 privatio
474 1020 541 1056 est
557 1011 809 1069 similisque
831 1012 874 1054 ei
894 1027 1052 1055 somno
1065 1044 1078 1065 ‚
1113 1027 1204 1069 quo
1222 1013 1321 1069 quis
1343 1028 1457 1056 con-

76 1076 247 1134 sopitus
277 1092 336 1120 ne
369 1079 596 1122 somnium
627 1078 808 1136 quidem
829 1079 976 1124 ullum
1002 1079 1171 1133 cernit,
1207 1080 1458 1125 mirificum

76 1157 261 1199 prorsus
295 1145 473 1189 lucrum
509 1157 574 1191 est
606 1148 657 1190 in
686 1156 848 1192 morte.
893 1162 975 1205 ego
1005 1147 1126 1190 euim
1156 1147 1379 1207 putarim,
1418 1150 1459 1192 si

78 1224 214 1266 quem
235 1210 430 1268 deligere
448 1213 630 1256 iusseris
651 1216 787 1258 talem
805 1223 996 1267 noctem,
1020 1215 1069 1258 in
1092 1215 1182 1272 qua
1201 1217 1264 1259 sie
1282 1216 1459 1259 dormi-

77 1277 196 1320 verit
224 1287 276 1321 ut
291 1279 464 1323 nullum
484 1280 651 1324 viderit
668 1282 923 1333 somnium,
962 1287 1223 1339 ceterasque
1244 1292 1396 1330 noctes
1415 1293 1462 1328 et

72 1344 173 1388 dies
203 1344 322 1389 vitae
355 1345 460 1389 suae
488 1355 765 1406 comparatas
797 1363 903 1391 cum
936 1363 988 1391 ea
1015 1357 1148 1392 nocte
1177 1359 1389 1408 reputare
1407 1367 1461 1394 ae

73 1411 253 1467 dicere,
282 1422 389 1471 quot
409 1413 503 1458 dies
519 1424 563 1459 et
583 1425 736 1460 noctes
757 1417 921 1459 melius
940 1417 1212 1474 suaviusque
1230 1418 1309 1461 tali
1331 1428 1463 1463 nocte

31 1513 35 1516 <
75 1481 223 1538 egerit
246 1481 296 1525 in
324 1496 404 1525 sua
421 1482 537 1537 vita,
552 1500 555 1501 ⁷
570 1483 770 1542 putarim
794 1499 925 1538 eum,
953 1500 1044 1528 non
1073 1485 1209 1528 modo
1231 1486 1464 1544 privatum

81 1547 338 1601 hominem,
366 1551 442 1593 sed
467 1566 621 1608 regem
645 1562 889 1610 magnum,
917 1553 1162 1596 admodum
1177 1566 1344 1612 paucas
1363 1555 1462 1599 illas

74 1624 370 1674 >reperturum
392 1634 485 1662 esse
504 1635 609 1662 cum
630 1619 790 1664 ceteris
810 1620 992 1664 collatas
1013 1621 1171 1665 diebus
1185 1630 1229 1666 et
1240 1623 1464 1669 noctibus.

65 1684 240 1741 *quodsi
268 1685 482 1730 eiusmodi
512 1687 725 1744 quiddam
752 1703 876 1732 mors
909 1697 998 1743 est,
1044 1690 1224 1734 lucrum
1253 1691 1464 1748 equidem

83 1751 212 1806 dioo;
250 1752 313 1796 ita
338 1754 461 1797 enim
478 1754 594 1797 nihil
612 1756 806 1815 amplius
829 1757 1012 1801 videtur
1032 1773 1168 1801 omne
1185 1773 1464 1817 consequens

71 1825 261 1876 'tempus
289 1835 384 1863 esse
414 1836 548 1879 quam
574 1838 666 1866 una
693 1812 825 1896 non}
850 1825 922 1868 sin
950 1826 1111 1869 similis
1132 1841 1258 1869 mors
1282 1836 1347 1871 est
1369 1829 1465 1870 mi-

75 1886 281 1942 *grationi
315 1887 422 1931 hinc
449 1890 499 1932 iu
529 1890 663 1934 aliam
691 1893 868 1947 sedem,
901 1909 1099 1952 veraque
1129 1902 1235 1938 sunt
1257 1909 1372 1952 quae
1394 1896 1466 1938 di-

87 1961 279 2006 cuntur,
314 1953 512 1997 habitare
539 1957 633 2001 illie
663 1974 820 2004 omnes
848 1963 927 2019 qui
956 1963 1049 2006 vita
1076 1972 1329 2016 cesserunt,
1356 1963 1466 2021 quid

42 2034 73 2055 ‘·
88 2029 155 2063 est
176 2020 297 2077 quod
311 2020 419 2063 huic
443 2021 563 2065 bono
581 2026 891 2081 praeferamus
904 2059 917 2081 ‚
943 2029 1145 2073 iudices?
1181 2044 1287 2072 nam
1308 2030 1347 2072 si
1367 2030 1468 2086 quis

89 2088 258 2131 delatus
280 2088 335 2130 ad
358 2088 527 2134 inferos
549 2091 603 2133 ab
628 2091 697 2134 his
722 2094 800 2149 qui
819 2109 866 2135 se
886 2094 1087 2137 iudicum
1105 2109 1298 2140 numero
1308 2095 1469 2139 haberi

88 2155 247 2199 volunt
280 2157 472 2201 evaserit
500 2173 663 2216 eosque
697 2161 920 2218 repererit
952 2162 1031 2219 qui
1062 2176 1172 2206 vere
1190 2163 1360 2207 iudices
1382 2179 1467 2223 ap·
1484 2208 1500 2213 ,

75 2222 337 2279 pellantur,
376 2239 488 2282 quos
522 2227 655 2269 etiam
689 2225 844 2271 dicunt
871 2229 965 2272 illic
984 2230 1207 2284 iudicare,
1244 2231 1466 2287 Minoem,

75 2290 479 2336 'Rhadamanthum
496 2326 507 2346 ,
535 2294 734 2338 Aeaeum
749 2327 762 2348 ,
788 2297 1123 2354 Triptolemum
1137 2330 1150 2350 ,
1189 2308 1321 2356 atque
1338 2300 1464 2353 alios,

40 2400 43 2415 ÷
93 2365 312 2415 quotquot
350 2375 408 2403 ex
448 2362 657 2407 semideis
694 2364 834 2408 vitam
867 2366 980 2409 iuste
1010 2377 1306 2426 peregerunt,
1352 2384 1467 2414 num

36 2452 57 2486 ²,
75 2422 342 2484 spernenda
357 2428 505 2472 videri
527 2431 694 2488 poterit
720 2447 771 2474 ea
783 2433 1024 2491 migratio?
1049 2436 1124 2478 vel
1136 2435 1268 2480 etiam
1282 2436 1469 2496 Orphea

69 2493 333 2538 {convenire
352 2503 397 2538 et
405 2497 639 2542 Musaeum
661 2508 705 2542 et
717 2499 959 2544 Hesiodum
979 2511 1024 2546 et
1036 2502 1300 2558 Homerum,
1314 2505 1470 2563 quanti

86 2562 256 2621 'cuique
278 2571 474 2607 vestrum
498 2566 819 2611 aestimandum
837 2569 1015 2614 videtur
1028 2571 1049 2612 ⁴?
1095 2586 1176 2629 ego
1196 2581 1316 2617 certe
1333 2588 1468 2632 saepe

97 2629 237 2671 emori
270 2629 456 2683 vellem,
496 2633 531 2674 si
565 2633 673 2677 haec
702 2644 804 2679 sunt
831 2651 950 2681 vera.
1004 2653 1109 2681 nam
1137 2639 1248 2682 mihi
1285 2641 1467 2698 quidem

98 2695 182 2753 ipsi
205 2697 541 2743 delectationem
565 2702 746 2747 afferret
766 2703 841 2746 illo
861 2705 959 2747 loco
987 2709 1295 2759 commoratio,
1328 2724 1468 2764 quum

191 2772 209 2781 e
