1734 2872
346 144 768 186 ALCIBIADES
811 142 1184 212 sEcuNuus.
1213 128 1237 154 ²
1301 123 1308 132 '
1349 149 1445 211 ,335

44 263 47 266 ”
88 252 338 323 cogniturus
381 263 440 308 sis
468 271 559 307 tam
590 262 760 305 malum
787 275 921 318 quam
950 259 1133 304 bonum.
1179 271 1302 303 nunc
1328 260 1451 305 enim

87 347 178 376 non
198 331 364 375 videris
385 323 502 374 mihi
517 331 563 374 id
581 343 729 389 posse.

192 399 265 442 Al.
321 399 558 450 Discutito,
587 397 682 440 sive
699 393 793 438 volt
812 393 1047 451 caliginem
1066 388 1161 437 sive
1181 387 1301 438 aliud
1320 390 1454 453 quid3

85 482 188 510 nam
211 482 291 524 ego
312 476 493 524 paratus
517 480 618 508 sum
637 462 690 506 ad
711 462 863 506 omnia
879 455 1082 504 facienda
1102 472 1213 518 quae
1231 463 1307 506 ille
1316 478 1455 521 prae-

86 535 274 586 scribet,
315 527 585 592 quicumque
612 527 794 576 tandem
820 532 888 573 est
912 528 1080 582 homo,
1115 528 1154 571 si
1172 520 1376 574 futurum
1398 531 1456 573 sit

86 612 138 646 ut
157 602 320 645 melior
339 599 540 644 evadam.
646 644 655 653 x
1266 656 1271 661 ,

197 664 270 713 So.
327 669 444 714 Sane
472 682 594 732 vero*
610 667 689 711 ille
716 675 893 725 quoque
908 657 1077 708 mirum
1097 664 1148 707 in
1165 664 1352 709 modum
1374 660 1459 709 tibi

86 737 319 796 prospicit.

197 804 273 847 Al.
328 805 382 848 In
407 795 519 847 illud
547 797 686 862 igitur
714 810 893 862 tempus
925 801 1060 845 etiam
1079 793 1348 845 sacrificium
1367 801 1460 845 dis-⁴

87 871 212 914 ferre
234 871 455 930 optimum
481 886 575 914 esse
594 870 708 914 mihi·
726 870 919 932 videtur.
940 930 942 932 Ι

200 939 273 982 So.
331 938 399 982 Ac
421 946 542 982 recte
564 939 746 996 quidem
767 938 850 981 tibi
870 936 1075 991 videtur3
1099 935 1236 979 tutius
1257 939 1323 981 est
1336 937 1459 981 enim

91 1021 222 1063 quam
242 1015 415 1049 tantum
437 1006 693 1063 periculum
716 1005 940 1062 suscipere
962 1013 1149 1048 temere.

201 1074 276 1118 Al.
333 1074 428 1116 Iam
449 1085 558 1115 vero
578 1071 744 1114 hancce
762 1086 992 1124 coronam,
1016 1071 1215 1124 Socrate,
1235 1071 1464 1128 quiamihi

90 1139 257 1182 videris
292 1140 576 1198 praeclarum
609 1138 778 1182 dedisse
812 1137 1076 1190 consilium,
1102 1138 1185 1180 tibi
1205 1138 1464 1196 imponam3

91 1208 175 1249 diis
208 1215 354 1250 autem
379 1214 422 1249 et
446 1220 630 1248 coronas
651 1214 695 1248 et
716 1212 860 1249 cetera
887 1205 1039 1248 omnia
1066 1220 1178 1262 quae
1201 1206 1339 1249 moris
1359 1216 1466 1250 sunt

89 1283 185 1318 tum
206 1273 406 1316 dabimus
420 1305 431 1326 ,
461 1287 600 1330 quum
621 1272 713 1315 dies
735 1273 811 1315 ille
831 1272 1048 1315 illuxerit.
1075 1272 1330 1317 adventabit
1347 1289 1460 1318 vero

90 1357 184 1384 non
203 1341 267 1383 ita
289 1341 430 1383 multo
450 1348 575 1398 post,
601 1340 669 1383 illi
690 1341 727 1383 si
746 1339 988 1383 voluerint.

204 1409 275 1451 So.
331 1408 445 1452 Sane
464 1407 636 1466 accipio
655 1415 698 1450 et
715 1406 800 1450 hoc
824 1415 868 1450 et
883 1406 1004 1450 aliud
1024 1407 1131 1464 quid
1152 1424 1178 1451 a
1197 1417 1242 1451 te
1267 1409 1466 1454 oblatum

92 1477 286 1519 libenter
313 1471 470 1519 videro
490 1491 565 1519 me
584 1471 917 1534 adipiscentem.
955 1476 1330 1532 quemadmodum
1353 1493 1464 1521 vero

28 1565 30 1568 ·
94 1545 243 1586 Creon
263 1543 380 1601 apud
402 1542 685 1600 Euripidem,
713 1551 852 1600 quum
879 1542 1103 1586 Tiresiam
1131 1543 1315 1588 vidisset
1334 1555 1468 1589 coro-

92 1621 249 1655 natum
268 1619 310 1654 et
330 1610 570 1653 audivisset
585 1610 639 1652 de
657 1608 860 1674 hostibus
883 1625 986 1652 eum
1010 1611 1234 1668 primitias
1244 1614 1468 1672 'accepisse

64 1734 65 1737 Ἴ
96 1688 190 1722 arte
221 1693 324 1732 sua,
371 1675 504 1721 dicit:
551 1676 858 1734 augurium
902 1678 1181 1721 existimo
1220 1693 1467 1725 coronas

94 1757 226 1790 tuas
264 1744 567 1797 victrice83
604 1748 952 1802 tempestate
987 1746 1134 1789 enim
1161 1746 1466 1805 iactamur,

97 1822 155 1856 ut
189 1822 248 1856 tu
275 1813 408 1856 scis:
455 1812 519 1855 ita
545 1826 626 1868 ego
654 1824 831 1869 quoque
858 1812 943 1855 hoc
973 1828 1136 1857 munus
1163 1823 1292 1858 tuum
1324 1831 1468 1875 augu-

95 1881 219 1923 rium
241 1879 475 1928 existima,
490 1878 650 1920 videor
671 1889 821 1922 autem
840 1880 953 1922 mihi
973 1880 1091 1923 haud
1112 1882 1303 1935 minore,
1332 1899 1469 1940 quam
1530 1912 1535 1914 >

100 1948 272 1999 Creon,
309 1952 567 2002 tempestate
596 1946 775 1998 iactari,
820 1955 865 1990 et
889 1948 1027 1992 velim
1046 1964 1120 1991 me
1141 1949 1358 1994 victorem
1379 1966 1466 1995 ex..

100 2015 254 2057 sistere
276 2021 524 2056 amatorum
547 2018 743 2054 tuorum.
