1734 2872
559 6 599 31 ,.

592 88 1060 146 THEAGEs.
1401 112 1493 152 399

239 225 312 269 So.
369 223 493 284 Quid
525 222 698 280 porro?
727 220 777 265 'si
794 217 1014 287 iaculandi
1037 218 1222 280 'cuperes
1239 215 1499 282 teperitum

132 295 360 345 exsistere,
384 306 536 334 nonne
554 290 609 334 ad
635 291 728 332 eius
745 290 852 332 artis
861 289 1048 332 scientes
1060 291 1326 334 arbitrarere
1338 301 1380 336 te
1389 309 1500 351 pro-

133 363 297 405 fectum
331 359 528 418 peritum
566 355 689 409 fore,
745 372 819 399 eos
853 355 1014 432 qnnibus
1036 366 1180 401 essent
1199 358 1340 402 iacula
1358 361 1402 403 et
1422 362 1503 418 qui

130 428 279 472 multis
313 435 406 470 tam
428 425 585 471 alienis
603 439 736 482 quam
757 423 958 483 propriis
978 425 1243 483 quandoque
1268 435 1504 474 uterentur

130 495 316 539 iaculis?
902 536 908 540 .

245 561 357 608 The.
413 558 530 604 Mihi
554 574 658 603 sane
676 558 870 610 videtur.

193 683 198 688 q
242 631 314 673 So.
372 615 458 672 Dic*
476 628 614 686 igitur
633 627 772 671 mihi:
804 625 1018 685 quoniam
1039 643 1196 671 rerum
1220 628 1422 676 civilium
1437 633 1504 676 vis

132 704 177 739 te
199 696 411 740 scientem
435 695 665 747 exsistere,
685 696 948 755 putasnessad
968 696 1077 738 alios
1099 695 1311 753 quosdam
1335 707 1378 741 te
1390 715 1507 758 pro-

130 765 297 809 fectum
329 763 541 808 scientem
574 762 673 806 fore
703 779 836 821 quam
866 763 919 806 ad
946 763 1067 806 viros
1086 764 1185 806 illos
1205 765 1386 819 civiles,
1430 771 1506 826 qui

133 841 178 876 et
209 832 296 891 ipsi
322 833 508 876 rationis
542 831 685 875 civilis
707 829 844 888 periti
865 831 954 874 sint
977 841 1022 876 et
1043 839 1225 875 utantur
1245 835 1509 893 quandoque

133 911 231 944 tum
260 915 339 942 sua
371 899 457 957 ipsi
489 899 666 941 civitate
692 905 788 941 tum
811 895 908 941 aliis
928 900 1106 952 multis,
1136 907 1300 943 etcum
1323 901 1508 948 Graecis

136 977 312 1025 agentes
342 966 594 1009 civitatibus
626 974 672 1009 et
702 981 805 1007 cum
837 965 1066 1010 barbaiis?
1107 982 1163 1009 an
1188 976 1334 1025 putas
1347 979 1390 1013 te
1410 973 1515 1016 aliis*

137 1036 396 1093 quibusdam
436 1027 638 1076 utentem
667 1031 880 1076 scientem
910 1035 1099 1077 evadeie
1131 1049 1208 1078 eor
1214 1050 1289 1079 um
1314 1050 1509 1104 quorum

134 1102 204 1144 1111
224 1103 312 1147 sint
339 1102 554 1150 scientes,
585 1107 627 1144 et
654 1115 745 1143 non
768 1101 838 1143 his
856 1101 997 1159 ipsis?

252 1170 361 1213 The.
420 1167 591 1211 Audivi
621 1183 749 1222 sane,
785 1167 989 1222 Socrate,
1022 1184 1133 1226 quos
1168 1180 1212 1214 te
1233 1149 1385 1217 dicunt
1410 1191 1508 1218 ser·-

135 1249 290 1282 mones
320 1234 512 1289 habere,
548 1235 713 1279 horum
743 1236 951 1279 virorum
984 1236 1182 1281 civilium
1218 1238 1335 1281 filios
1363 1240 1506 1283 nihilo

134 1303 344 1346 meliores
364 1317 457 1344 esse
479 1316 609 1358 qnam
629 1307 859 1355 sutorum3
888 1310 931 1365 et
953 1303 1066 1345 mihi
1090 1303 1271 1348 videris
1277 1307 1509 1351 velissime

137 1369 284 1413 dicele
310 1384 369 1411 ex
395 1367 457 1411 eis
480 1384 591 1426 quae
611 1383 692 1426 ego
716 1382 895 1437 possum
916 1384 1000 1427 pel
1003 1370 1163 1439 cipere.
1191 1371 1510 1434 insipiensigi-

137 1438 212 1480 tur
239 1452 380 1479 essem
407 1435 447 1479 si
482 1436 686 1494 putarem
705 1435 870 1480 hmum
895 1451 1163 1495 quemquam
1185 1439 1298 1483 mihi
1318 1443 1510 1486 traditu-

137 1519 242 1547 rum
269 1502 538 1563 sapientiam
562 1517 712 1556 suam,
759 1518 893 1548 suum
924 1521 1032 1547 vero
1062 1505 1216 1563 ipsum
1242 1502 1386 1554 fitium
1415 1527 1510 1553 non

135 1570 339 1615 iuturum
361 1587 468 1622 esse,
498 1574 533 1616 si
557 1574 655 1628 quis
674 1572 757 1614 hac
776 1572 826 1614 111
843 1588 894 1614 re
915 1572 1052 1615 alium
1075 1588 1401 1632 quemcumque
1425 1578 1511 1621 ho-

136 1639 312 1681 minum
337 1639 493 1681 iuvare
514 1648 674 1696 posset.

249 1706 322 1748 So.
381 1706 503 1763 Quid
527 1705 678 1763 igitur,
705 1703 911 1747 virorum
934 1704 1116 1762 optime,
1147 1706 1243 1764 ipse
1259 1706 1442 1763 faceres,
1472 1715 1511 1755 si

137 1771 244 1825 tibi,
275 1771 349 1815 ubi
369 1784 497 1816 natus
520 1781 657 1827 esset,
685 1772 801 1820 filius
824 1781 996 1815 tantum
1015 1775 1163 1829 negoti
1191 1774 1438 1829 facesseret,
1469 1787 1513 1821 et

141 1840 308 1885 diceret
334 1839 513 1896 quidem
543 1856 589 1883 se
623 1856 788 1898 cupere
809 1841 974 1882 bonum
999 1841 1186 1882 evadere
1206 1841 1427 1899 pictorem
1452 1847 1512 1888 ti·-

139 1906 275 1963 bique
310 1908 426 1963 patri
460 1908 671 1950 obiiceret
704 1909 822 1963 quod
853 1908 993 1949 nolles
1025 1908 1263 1964 pecuniam
1291 1910 1340 1951 in
1364 1911 1512 1968 ipsum

141 1973 254 2016 hanc
278 1973 331 2016 ob
351 1971 523 2016 causan}
546 1973 832 2031 impendere,
870 1973 945 2016 sed
965 1975 1152 2017 artifices
1183 1975 1276 2018 eius
1295 1977 1384 2028 rei,
1411 1979 1512 2034 pic-

140 2050 282 2093 tores,
313 2038 557 2098 despiceret
577 2055 656 2082 nec
678 2042 730 2082 ab
754 2042 808 2083 iis
827 2042 960 2084 vellet
980 2041 1168 2094 discere,
1200 2043 1271 2085 vel
1293 2043 1512 2100 tibicines,

141 2107 324 2166 cupiens
358 2123 405 2149 se
426 2107 654 2150 tibicinem
676 2107 798 2159 fieri,
836 2107 909 2149 vel
931 2107 1174 2152 citharistas
1189 2141 1201 2159 ,
1239 2124 1350 2151 num
1370 2112 1512 2155 habe-

139 2190 211 2217 res
234 2173 337 2231 quid
365 2190 415 2216 eo
441 2175 609 2217 faceres
630 2183 674 2218 et
697 2188 783 2230 quo
806 2173 892 2216 alia
910 2189 1011 2216 eum
1030 2174 1229 2219 mitteres
1247 2177 1301 2219 ab
1324 2178 1394 2222 his
1423 2194 1508 2224 no-

139 2242 308 2285 lentem
329 2242 532 2284 discere?

255 2310 364 2354 lee.
424 2309 772 2366 Haudquaquam
793 2308 958 2352 hercle.

252 2376 325 2419 So.
379 2377 512 2420 Nunc
542 2377 679 2431 igitur
707 2377 815 2419 item
843 2377 925 2420 hoc
959 2378 1008 2420 in
1037 2386 1211 2435 patrem
1231 2376 1396 2429 faciens
1416 2383 1501 2424 mi-

141 2441 255 2484 raris
290 2451 332 2486 et
363 2443 517 2486 obiicis
549 2444 589 2486 ei
625 2444 739 2499 quod
776 2444 941 2488 nesciat
972 2446 1076 2501 quid
1114 2454 1156 2490 te
1192 2446 1322 2490 faciat
1353 2458 1397 2492 et
1416 2464 1503 2505 quo

141 2509 318 2551 mittat?
345 2525 447 2553 nam
477 2510 814 2555 Atheniensium
836 2509 1013 2567 quidem
1035 2512 1321 2557 honestorum
1346 2530 1395 2556 ac
1420 2517 1503 2556 bo-

141 2592 305 2620 norum
336 2578 389 2620 ad
429 2593 499 2621 res
531 2579 682 2622 civiles
711 2578 976 2636 cuicumque
999 2580 1190 2623 volueris
1209 2589 1251 2624 te
1272 2597 1502 2624 commen·
1523 2617 1532 2626 .
