1696 2898
606 186 1031 233 CHARMIDES.
1409 189 1503 231 ‘443

250 312 336 362 At,
373 309 577 366 inquam,
617 307 782 359 Critia,
821 313 874 351 tu
901 306 963 349 ita
980 304 1156 350 mecum
1178 307 1272 366 agis
1290 298 1415 364 quasi
1432 321 1506 351 me

139 373 252 422 scire
274 377 419 421 dicam
442 388 492 419 ea
512 365 934 432 quaeinterrogem‘,
961 382 1018 426 et,
1047 374 1085 416 si
1112 371 1248 418 modo
1271 367 1507 426 volum-im,

137 445 218 489 tibi
237 445 406 503 possim
427 435 685 487 concedere.
725 447 798 484 res
821 450 970 485 autem
990 456 1082 483 non
1101 442 1227 484 siose
1248 442 1408 495 habet,
1433 441 1515 486 sed
1562 438 1563 448 ¹

137 526 300 570 quaero
322 520 469 554 tecum
483 510 544 551 de
565 523 618 553 eo
641 509 955 566 quodcumque
978 509 1264 566 proponitur,
1293 510 1397 566 quia
1412 509 1512 568 ipse

134 581 324 638 ignoro;
360 579 451 623 iam
484 592 628 636 quum
661 577 898 636 exploravi
927 578 1030 620 volo
1058 575 1205 618 dicere
1229 585 1380 621 utrum
1401 593 1512 620 con-

138 646 290 692 cedam
331 660 499 699 necne3
536 646 687 702 itaque
716 653 760 688 te
792 653 895 688 tene
927 643 1068 686 donec
1102 644 1351 701 exploravi.
1406 644 1510 687 Ex·-

135 716 264 773 plora
297 714 428 763 dum,
468 705 628 767 inquit.
687 711 826 764 Sane,
858 712 1069 768 inquam,
1106 710 1312 769 exploro.
1343 711 1512 754 etenim

137 782 175 824 si
199 795 466 840 cognoscere
488 779 653 837 aliquid
677 787 741 822 est
758 778 1077 836 temperantia,
1103 784 1229 838 patet
1249 790 1347 819 eam
1365 778 1514 821 scien-

136 849 244 892 tiam
280 849 472 906 aliquam
503 862 596 889 esse
623 855 667 889 et
695 846 878 889 alicuius
909 845 1002 900 rei3
1027 860 1085 887 an
1107 845 1233 887 non?
1287 845 1368 888 Est
1391 861 1512 893 sane,

135 915 307 972 inquit,
352 916 422 958 sui
462 915 612 973 ipsius.
666 914 830 956 Nonne
860 913 994 959 etiam
1027 913 1278 966 medicina,
1310 913 1511 971 inquam,

137 982 320 1030 scientia
352 991 416 1025 est
445 982 575 1024 sani?
631 981 821 1023 Prorsus
849 980 934 1023 isto
957 981 1109 1024 modo.
1166 981 1262 1024 Iam
1283 980 1320 1022 si
1341 995 1401 1026 ex
1421 997 1512 1035 me,

136 1050 344 1105 inquam,
374 1065 583 1107 quaeras,
613 1048 859 1101 medicina,
889 1063 1001 1106 quae
1023 1047 1207 1091 scientia
1232 1057 1297 1091 est
1315 1049 1433 1101 sani,
1455 1051 1514 1096 ad

137 1116 243 1173 quid
266 1117 395 1159 nobis
417 1118 538 1162 utilis
561 1117 618 1159 sit
639 1125 682 1160 et
706 1115 815 1173 quid
839 1115 1022 1169 efficiat,
1056 1117 1353 1174 respondeam
1382 1116 1514 1159 Haud

137 1184 349 1243 exiguam
379 1185 642 1238 utilitatem3
692 1184 925 1227 sanitatem
961 1183 1085 1226 enim
1115 1183 1352 1243 pulchram
1380 1184 1512 1227 nobis

135 1266 232 1294 rem
271 1251 422 1303 efficit,
458 1252 494 1299 si
515 1252 601 1294 hoc
619 1251 794 1308 accipis.
852 1251 1057 1308 Accipio.
1114 1251 1263 1307 Atque
1281 1250 1413 1307 sime
1431 1267 1512 1296 ro-

133 1333 210 1375 ges
235 1318 287 1362 de
305 1318 620 1371 architectura,
649 1332 761 1374 quae
781 1317 966 1362 scientia
988 1325 1051 1362 est
1079 1317 1362 1369 aedificandi,
1405 1319 1512 1375 quid

134 1394 289 1443 putem
310 1386 459 1443 operis
480 1401 576 1433 eam
587 1385 750 1436 facere,
778 1384 1090 1442 respondeam,
1114 1385 1327 1431 aedificia.
1357 1386 1512 1431 eadem

138 1462 203 1496 est
230 1453 507 1510 reliquarum
536 1453 702 1496 artium
728 1451 858 1494 ratio.
898 1461 1078 1510 oportet
1106 1453 1246 1510 igitur
1267 1462 1313 1496 te
1336 1468 1512 1511 quoque

118 1520 192 1572 ,de
223 1521 541 1584 temperantia,
579 1536 718 1576 quum
742 1519 858 1562 dicas
880 1519 949 1562 sui
967 1520 1111 1579 ipsius
1139 1512 1236 1564 eam
1256 1537 1350 1565 esse
1368 1523 1510 1565 scien-

135 1588 268 1637 tiam,
308 1603 438 1647 posse
467 1587 615 1635 dicere
641 1587 996 1642 interrogatum:
1055 1588 1095 1629 O
1128 1588 1292 1638 Critia‚
1333 1598 1511 1648 tempe-

136 1656 294 1706 rantia,
324 1669 437 1711 quae
459 1653 528 1697 sui
555 1653 696 1711 ipsius
717 1653 902 1696 scientia
924 1661 1004 1706 est,
1024 1654 1248 1711 quodnam
1263 1657 1511 1713 pulchrum

136 1723 268 1765 nobis
297 1737 407 1780 opus
435 1720 544 1763 facit
567 1735 708 1776 eoque
729 1719 914 1762 nomine
934 1719 1157 1776 dignum?
1193 1735 1273 1779 age
1295 1723 1404 1766 dum
1423 1721 1528 1767 dic-i⁸

138 1791 224 1842 At,
263 1782 467 1841 Socrate,
488 1787 680 1844 inquit,
721 1803 813 1829 non
845 1797 968 1832 recte
990 1787 1179 1846 quaeris.
1220 1805 1367 1851 neque
1387 1793 1510 1835 enim

139 1856 298 1899 similis
316 1857 423 1899 haec
444 1864 508 1898 est
527 1855 709 1911 reliquis
729 1855 923 1898 scientiis
935 1887 947 1908 ‚
973 1869 1056 1898 nec
1073 1854 1275 1911 reliquae
1299 1857 1419 1901 inter
1437 1875 1507 1913 se3

138 1934 187 1968 tu
219 1937 327 1966 vero
355 1923 478 1983 quasi
512 1923 686 1965 similes·
709 1923 799 1965 sint
828 1922 1132 1978 quaestionem
1154 1922 1364 1966 instituis.
1402 1941 1509 1968 nam

139 1991 209 2032 dic
229 1990 356 2043 mihi,
383 1990 539 2046 inquit,
570 1990 675 2032 artis
697 1989 992 2032 ratiocinandi
1015 1997 1059 2032 et
1076 1992 1346 2046 geometriae
1359 1994 1507 2048 qu'od-

137 2074 244 2100 nam
285 2059 372 2105 tale
400 2064 465 2099 est
492 2072 601 2114 opus
635 2057 764 2113 quale
799 2055 1054 2100 aedificium
1083 2056 1406 2102 architecturae
1437 2060 1509 2103 vel

136 2125 270 2168 vestis
304 2125 411 2168 artis
442 2124 664 2168 textoriae
693 2123 763 2166 vel
798 2122 884 2166 alia
912 2123 1167 2166 huiusmodi
1189 2139 1350 2182 opera,
1395 2140 1507 2183 quae

136 2194 278 2236 multa
306 2192 402 2250 quis
435 2192 575 2250 possit
608 2191 849 2235 multarum
870 2192 1035 2235 artium
1062 2191 1294 2237 indicare?
1320 2202 1507 2250 potesne

137 2267 190 2302 tu
207 2259 320 2302 mihi
342 2259 504 2303 harum
524 2274 699 2317 quoque
719 2259 808 2302 tale
833 2259 951 2316 quod
973 2275 1085 2319 opus
1096 2259 1296 2302 indicare
1310 2261 1332 2302 ’ἓ
1357 2269 1402 2304 at
1412 2275 1506 2303 non

138 2328 317 2385 poteris.
375 2329 496 2373 Tum
533 2342 641 2383 ego,
680 2326 801 2374 Vera
829 2327 1053 2384 loqueris,
1090 2327 1304 2384 inquam3
1343 2336 1386 2372 at
1416 2327 1504 2371 hoc

138 2394 220 2437 tibi
253 2410 435 2452 possum
467 2396 722 2445 ostendere,
759 2394 990 2438 cuiusnam
1020 2394 1077 2437 sit
1104 2395 1286 2439 scientia
1303 2410 1504 2454 quaeque

136 2460 301 2504 harum
322 2461 629 2515 scientiarum,
660 2461 775 2517 quod
796 2461 976 2518 quidem
996 2462 1222 2507 diversum
1244 2472 1307 2507 est
1330 2464 1383 2506 ab
1405 2467 1504 2522 ipsa

140 2529 336 2580 scientia,
359 2530 483 2571 velut
503 2528 763 2572 ratiocinadi
782 2544 852 2571 ars
872 2539 1077 2574 versatur
1096 2531 1190 2574 sine
1210 2531 1345 2574 dubio
1368 2532 1415 2574 in
1428 2547 1503 2574 ra-

136 2597 261 2639 tione
290 2595 484 2638 finienda
515 2612 645 2652 quam
677 2612 762 2654 par
793 2604 837 2638 et
853 2597 1002 2656 impar
1021 2597 1200 2641 numeri
1222 2599 1275 2641 ad
1294 2613 1341 2640 se
1364 2605 1409 2639 et
1427 2598 1502 2639 in—

138 2670 210 2704 ter
229 2677 275 2704 se
293 2662 480 2717 habent3
509 2665 689 2706 nonne?
745 2664 860 2708 Sane
882 2666 1083 2721 quidem,
1124 2664 1282 2722 inquit.
1338 2665 1500 2711 Nonne

140 2730 304 2774 diversi
334 2739 436 2774 sunt
466 2731 612 2790 impar
640 2740 682 2775 et
712 2747 794 2791 par
816 2734 997 2789 numeri
1016 2734 1071 2776 ab
1088 2734 1184 2788 ipsa
1206 2731 1498 2777 ratiocinandi
