1734 2872
538 143 906 184 APOLOGIA
947 141 1302 183 SOCRATIS.
1515 147 1602 183 151

203 251 425 330 ‘aienses'
461 258 618 318 inopia
644 255 890 311 verborum
923 275 998 309 me
1029 259 1240 304 cecidisse
1267 258 1425 303 talium
1444 256 1605 315 quibus

221 340 299 370 vos
326 340 514 369 movere
542 326 812 386 potuissem,
849 328 887 370 si
918 335 1144 386 putassem
1175 325 1290 371 nihil
1316 339 1410 382 non
1432 324 1604 384 facien—

218 393 326 437 dum
358 409 408 436 ac
428 394 684 449 dicendum,
711 404 765 439 ut
786 408 812 437 a
831 395 961 439 vobis
981 395 1254 438 absolverer.
1283 394 1474 439 multum
1495 407 1604 436 sane

217 462 368 516 abest3
410 477 517 505 nam
544 462 701 521 inopia
731 452 1106 520 quidemcecidi,
1141 478 1304 507 verum
1325 461 1604 506 nonverbo-

216 544 350 583 rum,
387 530 466 585 sed
496 530 708 574 audaciae
734 539 780 573 et
810 530 1147 589 impudentiae,
1190 539 1234 574 et
1255 532 1375 589 quod
1396 530 1601 574 voluntas

217 597 340 640 mihi·
356 596 501 642 defuit
533 598 712 643 dicendi
742 597 802 640 ad'
827 613 908 642 vos
941 613 1017 648 ea,
1053 613 1168 655 quae
1201 598 1330 640 vobis
1349 596 1603 655 gratissima

215 663 403 709 fuissent
419 666 599 720 auditu,
615 667 666 727 ‘si
689 676 735 710 et
756 667 992 710 eiulassem
1024 675 1068 710 et
1086 666 1355 721 lamentatus
1374 680 1516 708 essem
1534 671 1603 708 at-

216 748 306 789 que
320 734 408 783 alia
430 733 637 777 fecissem
655 734 962 791 dixissemque
981 735 1123 779 multa
1135 766 1149 788 ‚
1173 733 1291 778 mihi
1305 765 1316 786 ,
1346 742 1395 776 ut
1415 749 1496 791 ego
1512 732 1599 781 aio,

213 800 454 856 indecora3
492 801 640 859 qualia
666 818 750 846 vos
776 802 1038 847 adsuevistis
1059 818 1119 849 ex
1138 802 1299 846 ceteris
1321 803 1491 846 audire.
1524 801 1603 845 sed

213 883 360 926 neque
378 878 487 912 tunc
506 871 716 928 putabam
731 871 927 929 periculi
946 879 1072 914 metu
1090 869 1348 914 faciendum
1372 885 1466 913 esse
1477 871 1601 927 quic-

215 952 351 993 quam
371 937 685 990 inhonestum,
712 953 860 996 neque
888 953 1009 982 nunc
1027 954 1102 981 me
1122 938 1324 996 poenitet
1342 953 1516 982 causam
1538 938 1603 979 ita

167 999 171 1001 “
215 1003 398 1054 dixisse,
427 1004 503 1046 sed
519 1004 668 1062 potius
688 1005 753 1048 ita
775 1020 827 1046 ea
847 1004 963 1048 dicta
984 1020 1060 1049 me
1081 1005 1198 1048 mori
1216 1007 1335 1048 malo
1355 1020 1492 1062 quam
1512 1005 1600 1048 isto

213 1071 351 1115 modo
374 1072 555 1125 vive1e3
582 1086 730 1128 neque
753 1072 876 1115 em‘m
894 1073 945 1115 in
962 1071 1131 1115 iudicio
1151 1087 1295 1130 neque
1313 1073 1364 1115 in
1383 1073 1502 1116 besto
1523 1080 1602 1115 aut

211 1155 287 1182 me
319 1148 393 1182 aut
423 1139 560 1180 alium
597 1153 869 1196 quemquam
905 1140 1032 1182 decet
1058 1139 1357 1186 machinando
1382 1149 1428 1183 et,
1447 1139 1602 1182 omnia.

209 1205 422 1255 tentando
440 1206 486 1247 id
513 1220 645 1265 agere
663 1214 715 1250 ut
733 1207 999 1264 effugiamus
1021 1216 1233 1253 mortem.
1258 1222 1366 1251 nam
1387 1209 1439 1251 in
1458 1223 1515 1265 px
1519 1222 1599 1250 oe-

206 1273 280 1318 liis
322 1288 500 1330 quoque
534 1289 668 1331 saepe
698 1274 903 1317 videmus
936 1275 1172 1317 interitum
1197 1290 1327 1332 posse
1354 1276 1513 1329 vitali,
1559 1276 1600 1318 si

210 1341 309 1400 quis
337 1356 432 1384 sese
464 1340 646 1383 abiectis
682 1341 820 1385 armis
853 1342 1049 1400 supplex
1077 1344 1355 1387 converterit
1381 1345 1436 1387 ad
1474 1343 1598 1386 inse-

208 1418 420 1467 quente33
457 1417 502 1451 et
531 1408 619 1451 alia
644 1417 750 1452 sunt
769 1410 910 1453 multa
931 1411 979 1453 in
1000 1410 1158 1467 quovis
1177 1425 1345 1468 genere
1362 1411 1600 1470 periculo-⁴

205 1494 314 1521 rum
342 1476 506 1534 effugia
532 1476 717 1529 mortis,
757 1477 796 1520 si
829 1476 926 1534 quis
953 1477 1071 1520 nihil-
1096 1493 1192 1522 non
1210 1478 1362 1521 facere
1384 1488 1429 1525 et
1448 1479 1597 1523 dicere

207 1546 333 1589 ausit.
363 1544 440 1586 sed
465 1559 628 1587 vereor
648 1560 707 1587 ne
725 1560 818 1586 non
837 1545 952 1587 illud
977 1544 1157 1589 difficile
1178 1545 1252 1598 sit,
1282 1546 1594 1598 Athenienses,

205 1622 401 1656 mortem
441 1612 632 1664 evitare,
673 1611 750 1655 sed
783 1612 923 1656 multo
962 1612 1187 1657 difficilius
1225 1615 1595 1673 improbitatem3

204 1681 403 1724 velocius
438 1680 560 1723 enim
590 1680 682 1723 sato
703 1680 893 1723 invadit.
939 1681 1003 1723 ita
1023 1697 1145 1724 nunc
1168 1698 1250 1742 ego
1264 1680 1357 1736 ‚nt
1376 1684 1529 1727 tardus
1551 1693 1596 1728 ct

206 1764 346 1791 senex
360 1782 374 1800 ,
427 1763 453 1790 a
493 1747 691 1790 tardiore
730 1763 833 1790 sum
874 1763 1140 1806 oppressus,
1192 1758 1470 1794 accusatores
1510 1767 1593 1794 au-

205 1820 297 1859 tem
334 1817 425 1858 mci
457 1815 627 1874 quippe
650 1815 840 1864 violenti
866 1825 910 1859 et
930 1832 1077 1870 acres,
1110 1833 1134 1860 a
1156 1817 1410 1873 velociore,
1435 1820 1592 1878 pravi-

205 1892 312 1925 tate.
348 1897 398 1924 ac
420 1897 538 1925 nunc
561 1883 742 1939 quidem
763 1883 1026 1927 discedimus
1046 1884 1176 1939 hinc,
1222 1902 1304 1943 ego
1323 1902 1348 1928 a
1369 1888 1497 1930 vobis
1516 1903 1593 1929 ca-

207 1950 314 2007 pitis
336 1949 652 1993 condemnatus
668 1983 680 2002 ‚
710 1951 783 1994 isti
807 1960 957 1994 autem
975 1967 1001 1993 a
1018 1953 1207 1995 veritate
1224 1954 1458 2010 pravitatis
1478 1969 1591 1996 con-

208 2016 404 2058 demnati
424 2025 468 2058 et
487 2016 759 2059 iniustitiae·
747 2026 916 2074 ‚atque
941 2033 1080 2074 quum
1103 2033 1207 2075 ego
1201 2026 1268 2061 sto
1282 2020 1591 2064 aestimatione

205 2084 298 2127 linis
318 2092 412 2126 tum
432 2082 517 2125 isti.
543 2092 587 2126 et
604 2082 714 2126 haec
733 2083 914 2140 quidem
934 2084 1123 2126 fortasse
1141 2100 1189 2129 se
1202 2086 1440 2130 sichabeie
1453 2103 1588 2147 opor-

204 2152 349 2203 iebat,
380 2157 424 2192 et
444 2150 558 2192 bene
583 2165 630 2192 se
650 2149 818 2192 habe1e
838 2150 979 2194 arbim
982 2167 1045 2194 or.

318 2218 457 2276 Quod
489 2217 718 2274 leliquum
751 2226 839 2272 est,
883 2219 1018 2277 cupio
1051 2221 1179 2265 vobis
1207 2223 1466 2276 vaticinari,
1507 2227 1587 2282 qui

204 2303 281 2331 me
315 2278 685 2340 condemnastis3
707 2287 898 2344 perveni
923 2287 1044 2331 enim
1066 2304 1188 2332 nunc
1212 2305 1264 2334 eo
1283 2291 1362 2334 ubi
1384 2293 1585 2335 maxime

206 2355 413 2398 homines
436 2354 751 2408 vaticinantur,
779 2369 916 2411 quum
939 2370 1061 2399 mors
1080 2357 1301 2402 imminet.
1322 2376 1429 2421 nam
1448 2377 1504 2420 pr
1508 2377 1584 2405 ae·-

163 2449 166 2451 >
207 2421 330 2475 dico,
377 2422 523 2474 cives,
564 2422 601 2464 si
644 2437 717 2464 me
758 2423 1033 2478 occideritis,
1074 2425 1285 2469 continuo
1320 2429 1448 2471 vobis
1483 2440 1584 2488 post

206 2504 437 2532 excessum
459 2505 612 2533 meum
638 2498 871 2535 venturam
897 2507 988 2534 esse
1008 2507 1201 2550 poenam
1223 2494 1379 2553 longe,
1418 2498 1586 2555 Iuppi-

206 2564 299 2608 ter,
336 2557 591 2613 graviorem
622 2558 746 2600 illam
776 2559 958 2615 quidem
993 2575 1124 2616 quam
1158 2577 1244 2618 qua
1272 2577 1346 2605 me
1366 2565 1582 2608 multasiis

210 2624 402 2682 capitali.
448 2624 532 2667 hoc
568 2625 688 2668 enim
719 2641 836 2670 nunc
874 2626 1063 2679 fecistis,
1101 2643 1180 2686 spe
1208 2630 1380 2675 inducti
1413 2631 1510 2685 syre
1535 2642 1584 2676 ut
