1734 2872
556 106 1027 160 THEAGE‘S.
1359 121 1452 160 397

197 215 271 283 ,ς’ὸ.Ἰ
325 237 447 281 Illud
469 245 533 282 est
555 236 674 294 quod
692 235 810 279 dixit
829 234 1067 280 Anacreon
1090 230 1458 280 Canicretencal«

83 307 204 362 lere3
233 310 288 348 an
310 305 488 362 ignoias
509 303 723 347 carmen?
1203 326 1206 329 .
1290 312 1306 332 0³

200 384 308 428 The
364 383 478 427 Sane
506 383 679 440 ignor-o

194 464 265 508 So.
325 461 448 519 Quid
478 461 648 518 igitur?
688 460 826 503 talem
853 465 903 501 tu
939 473 1119 516 quoque
1152 460 1323 518 appetis
1354 454 1463 504 coh·-
1510 498 1519 505 ,

85 532 366 576 suetudinem
400 530 513 582 viri,
555 528 630 585 qui
662 527 851 570 eandem
870 534 998 583 atque
1023 526 1261 570 Callicrete
1287 529 1463 586 Cyanes

84 600 176 643 ‘filia
197 608 338 647 artem
363 598 646 657 profiteatur,
674 603 719 638 et
742 587 976 652 tyrannica
998 593 1176 647 calleat,
1205 594 1319 637 sicut
1338 596 1462 640 illam

88 667 207 710 dixit
239 666 395 724 poeta,
432 673 483 707 ut
512 672 562 708 tu
593 677 771 722 quoque
799 661 930 705 nobis
950 669 1166 718 tyrannus
1189 662 1372 705 exsistas
1396 672 1464 706 at-

88 749 174 791 que
197 734 398 777 civitati?
1356 788 1358 790 -

203 812 309 857 The.
367 811 551 855 Dudum
565 842 577 863 ,
606 809 787 854 Socrate
801 840 815 863 ,
839 822 913 851 me
932 806 1095 861 irrides
1114 818 1158 853 et
1175 808 1351 855 iocaris.

200 893 278 935 So:
327 891 434 934 Ain’
458 890 540 933 tu?
570 904 721 932 nonne
739 887 854 930 hanc
868 896 922 930 te
944 887 1052 931 dicis
1064 891 1464 950 appeteresapien-

88 959 197 1002 tiam
217 974 302 1016 qua
326 958 531 1000 omnibus
552 957 687 1014 possis
711 956 969 1000 hominibus
993 956 1254 1015 imperare?
1283 958 1368 1003 hoo
1384 976 1466 1004 au-

89 1036 180 1071 tem
202 1042 335 1084 agens
361 1041 510 1068 nonne
530 1033 747 1083 tyrannus
767 1024 950 1066 exsistas
965 1024 987 1066 ‘2

90 1135 96 1153 1
206 1105 314 1149 The.
373 1106 590 1162 Optarem
633 1118 764 1154 sane,
811 1108 862 1144 ut
908 1102 1125 1157 arbitror,
1149 1128 1151 1130 ·
1174 1104 1381 1161 equidem
1414 1115 1475 1150 ut*

90 1182 307 1230 tyrannus
336 1172 621 1220 exsisterem,
659 1170 860 1213 maxime
888 1170 1065 1226 quidem
1090 1173 1293 1215 omnium
1310 1172 1464 1216 homi-

89 1257 222 1295 num,
261 1241 331 1283 sin
364 1239 538 1291 minus,
578 1252 710 1294 quam
743 1237 1072 1294 plurimorum;
1120 1247 1163 1282 et
1193 1246 1242 1282 tu
1274 1255 1463 1296 quoque,

91 1310 280 1368 opinor,
310 1321 549 1362 omnesque
567 1305 732 1360 reliqui
751 1303 981 1358 homines3
1022 1314 1254 1362 praeterea
1276 1307 1464 1351 fortasse

89 1378 240 1436 potius
258 1385 308 1419 ut
330 1374 435 1418 deus
455 1372 745 1427 exsisterem3
768 1385 1038 1428 quamquam
1055 1371 1141 1416 hoc
1161 1389 1252 1416 non
1271 1374 1371 1418 dixi
1387 1390 1464 1419 me

92 1451 318 1504 appetere.
356 1491 358 1493 v
1145 1446 1147 1449 ’

202 1512 274 1555 So.
330 1510 393 1553 At
419 1507 527 1565 quid
556 1506 737 1550 tandem
767 1515 833 1550 est
858 1506 907 1549 id
930 1506 1051 1564 quod
1071 1508 1276 1567 appetis?
1312 1524 1463 1553 nonne

92 1580 262 1624 civibus
282 1578 505 1634 imperare
522 1581 567 1616 te
587 1574 694 1615 dicis
715 1575 911 1631 cupere?

214 1646 323 1689 The.
378 1643 671 1698 Nequaquam
690 1655 799 1683 vero
818 1641 864 1684 vi
879 1643 1255 1698 quemadmodum
1267 1646 1462 1701 tyranni,

93 1715 168 1758 sed
195 1709 473 1760 volentibus,
514 1708 627 1751 sicut
647 1709 782 1752 ceteri
806 1723 982 1766 quoque
1005 1710 1057 1752 in
1078 1710 1257 1753 civitate
1279 1714 1464 1769 spectati

93 1797 196 1824 v1r1.

206 1846 279 1890 So.
334 1845 456 1888 Num
479 1844 584 1888 dicis
599 1876 611 1896 ‚
652 1845 764 1887 sicut
785 1843 1106 1887 Themistocles
1130 1853 1171 1888 et
1190 1847 1384 1891 Pericles
1420 1857 1464 1892 et

97 1914 258 1958 Cimon
278 1922 321 1956 et
340 1913 606 1970 quicumque
629 1927 782 1956 rerum
804 1911 1004 1955 civilium
1025 1913 1162 1971 periti
1181 1913 1383 1957 fuerint?

214 1981 322 2024 The.
380 1981 469 2023 Hos
491 1997 594 2024 sane
619 1980 727 2022 dico.

208 2047 280 2091 So.
340 2046 462 2105 Quid
483 2047 651 2104 igitur?
680 2047 717 2089 si
738 2046 792 2088 ad
815 2061 914 2089 rem
936 2054 1183 2103 equestrem
1207 2055 1250 2091 te
1275 2062 1462 2105 cuperes

95 2116 340 2174 sapientem
377 2114 616 2165 exsistere,
652 2114 707 2157 ad
739 2129 952 2168 quosnam
983 2114 1238 2171 profectum
1272 2116 1463 2158 arbitra-

28 2228 31 2230 ,
94 2198 198 2226 rere
228 2182 426 2240 peritum
458 2189 501 2223 te
526 2180 719 2237 equitem
747 2179 952 2223 futurum
975 2181 1100 2224 esse?
1129 2196 1240 2224 num
1259 2181 1315 2225 ad
1335 2183 1459 2235 alios,

96 2265 226 2306 quam
253 2249 306 2290 ad
329 2248 396 2291 rei
416 2248 632 2305 equestris
655 2248 873 2290 scientes?

211 2316 319 2359 The.
375 2315 722 2372 Haudquaquam
747 2314 913 2356 hercle.

208 2383 279 2425 So.
338 2381 423 2426 Sed
453 2382 505 2424 ad
533 2384 653 2440 ipsos
687 2397 842 2425 rursus
876 2381 1010 2424 huius
1039 2381 1105 2425 rei
1124 2383 1316 2441 peritos,
1355 2386 1458 2442 qui-

96 2449 179 2491 bus
210 2449 311 2504 equi
337 2457 479 2492 essent
496 2458 539 2492 et
564 2451 639 2506 qui
661 2456 894 2494 uterentur
912 2450 1173 2508 quandoque
1192 2453 1392 2510 propriis
1415 2462 1458 2495 et

96 2516 250 2559 alienis
272 2517 420 2560 multis
435 2518 456 2559 ‘l

214 2583 319 2629 lee.
376 2584 499 2629 Patet
517 2600 638 2629 vero.
