1696 2898
560 154 982 224 CHARMIDEs.
1362 187 1453 223 441

92 307 190 365 ipse
219 303 440 362 quomodo
469 301 652 354 fecerit,
690 314 961 358 quamquam
989 299 1160 343 utiliter
1181 298 1383 351 faciens,
1410 307 1464 341 ut

93 383 171 417 tua
189 372 277 415 fert
302 371 468 421 oratio,
506 377 813 425 temperanter
834 366 963 421 facit5
1004 382 1154 409 annon
1188 367 1250 410 ita
1279 366 1464 425 dixisti?

94 440 190 497 Ego
213 440 332 481 sane.
389 437 572 485 Nonne,
601 443 652 476 ut
667 442 791 492 patet
802 443 825 486 ‚⁸
843 448 1179 490 nonnumquam
1204 433 1378 476 utiliter
1398 432 1468 475 fa·-

94 507 214 550 ciens
263 505 377 554 facit
411 503 593 561 quidem
611 499 612 504 ¹
632 510 938 559 temperanter
987 508 1332 558 temperansque
1381 509 1474 552 est‘,

94 573 236 616 nescit
255 586 364 615 vero
387 586 434 614 se
452 577 775 628 temperantem
793 568 925 610 esse?
984 568 1045 610 At
1064 567 1150 608 hoc
1167 568 1365 624 quidem,
1393 569 1470 610 in·-

96 642 220 697 quit,
252 639 457 692 Socrate,
491 652 737 694 numquam
771 635 870 678 fieri
893 643 1059 692 potest,
1090 635 1165 676 sed
1193 635 1302 677 situ
1324 651 1474 677 censes

99 723 160 750 ex
181 707 331 763 aliquo
353 721 511 749 eorum
525 720 647 762 =quae
669 719 803 760 supra
826 719 851 745 a
872 717 946 744 me
969 717 1176 744 concessa
1194 703 1366 745 fuerint
1388 718 1473 744 ne-

99 775 287 818 cessario
314 773 401 816 hoc
431 771 661 823 concludi5
698 769 905 826 equidem
933 771 1115 813 illorum
1137 770 1304 827 aliquid
1329 771 1475 828 potius

98 850 385 892 rectractem,
416 856 498 883 nec
520 839 777 882 erubescam
801 837 949 880 dicere
972 854 1045 881 me
1065 853 1156 879 non
1176 848 1297 881 recte
1315 839 1476 894 loquu-

100 919 196 952 tum
226 925 320 952 esse
357 908 508 966 potius
540 921 673 962 quam
695 920 907 962 umquam
932 905 1226 947 concesserim
1246 904 1479 948 hominem

104 977 414 1034 semetipsum
443 975 720 1031 ignorantem
744 987 838 1014 esse
857 979 1197 1030 temperantem.
1238 972 1336 1014 fere
1358 973 1480 1016 enim

106 1044 314 1101 equidem
344 1042 427 1085 hoc
455 1042 606 1099 ipsum
641 1040 738 1084 dico
771 1039 1115 1096 temperantiam
1150 1054 1244 1082 esse
1264 1056 1311 1082 se
1332 1041 1484 1098 ipsum

107 1127 312 1164 noscere,
363 1119 417 1162 et*
439 1108 652 1151 assentior
681 1107 722 1148 ei
755 1108 828 1163 qui
861 1106 1050 1164 Delphis
1080 1106 1199 1161 hanc
1228 1108 1380 1164 posuit
1410 1109 1486 1150 in-

106 1178 413 1236 scriptionem.
450 1191 553 1218 nam
583 1174 692 1216 haec
721 1190 899 1230 quoque
924 1175 987 1216 ita
1005 1174 1118 1216 mihi
1145 1175 1322 1217 videtur
1342 1175 1487 1231 posita

107 1260 228 1296 esse,
269 1251 320 1286 ut
348 1244 455 1285 deus
489 1242 614 1300 quasi
640 1241 856 1283 intrantes
879 1242 1074 1299 appellet
1098 1257 1184 1298 pro
1209 1241 1383 1298 vulgari
1407 1242 1486 1284 illo

107 1313 291 1363 salve,
345 1311 514 1368 quippe
552 1322 663 1366 quae
704 1323 796 1351 non
826 1317 946 1350 recta
981 1307 1040 1350 sit
1068 1309 1322 1366 appellandi
1356 1310 1487 1359 ratio,

110 1394 368 1437 quum‘non
400 1379 455 1421 ad
484 1377 570 1421 hoc
596 1376 711 1437 *alter
739 1375 931 1417 alterum
953 1373 1180 1418 cohortari
1204 1375 1383 1430 debeat,
1411 1376 1487 1419 sed

112 1447 167 1490 ad
197 1454 498 1507 temperanter
519 1443 780 1488 vivendum.
821 1443 883 1484 ita
903 1442 1042 1499 igitur
1065 1443 1171 1486 deus
1190 1444 1352 1501 apellat
1371 1453 1490 1488 tem-

111 1515 237 1574 plum
258 1513 555 1571 ingredientes
575 1512 704 1554 aliter
723 1525 858 1567 quam
880 1509 1088 1553 homines
1101 1543 1112 1564 ,
1139 1520 1191 1555 ut
1210 1511 1490 1555 existimasse

113 1582 226 1627 mihi
246 1581 422 1625 videtur
441 1580 516 1637 qui
534 1578 873 1638 inscriptionem
893 1577 1015 1620 illam
1038 1578 1313 1623 consecravit
1325 1597 1339 1633 3
1366 1587 1411 1621 et
1422 1580 1492 1621 di·-

115 1650 176 1693 cit
207 1649 367 1705 cuique
395 1645 666 1703 ingredienti
699 1644 815 1685 nihil
846 1641 966 1684 aliud
1002 1644 1091 1685 nisi
1114 1653 1368 1701 temperans
1389 1655 1492 1689 esto.

117 1715 274 1760 tectius
295 1714 461 1770 igitur,
488 1720 540 1755 ut
556 1721 702 1762 vates,
743 1709 965 1766 loquitur,
997 1724 1102 1754 nam
1125 1726 1259 1754 nosce
1281 1720 1325 1754 te
1344 1712 1495 1770 ipsum
1556 1740 1560 1755 ι

121 1791 165 1826 et
201 1791 454 1838 temperans
493 1788 585 1823 esto
625 1779 745 1821 idem
778 1776 958 1833 quidem
981 1786 1068 1828 est,
1111 1787 1161 1822 ut
1179 1779 1495 1836 inscriptiones

125 1849 349 1891 declarant
371 1857 414 1891 et
436 1863 514 1905 ego
540 1846 738 1898 affirmo,
765 1852 960 1887 attamen
997 1845 1326 1890 existimaverit
1357 1847 1498 1890 forsiae

125 1925 202 1960 tan
237 1915 594 1971 aliquisxdiversa
624 1927 741 1965 esse,
780 1911 827 1954 id
859 1912 975 1968 quod
1010 1912 1124 1955 mihi
1152 1913 1330 1956 videtur
1362 1915 1497 1959 etiam

127 1984 215 2026 illis
244 1983 451 2026 accidisse
480 1980 559 2038 qui
578 1980 767 2023 seri'ores
792 1989 1166 2023 consecraverunt
1183 1980 1498 2039 inscriptiones

127 2051 282 2094 nihil
321 2049 488 2092 nimis
527 2055 570 2090 et
605 2047 873 2104 sponsi0,
915 2046 1074 2088 adest
1105 2048 1344 2090 iactura.
1392 2041 1499 2094 nam

128 2118 178 2161 hi
203 2132 376 2176 quoque
397 2114 631 2158 consilium
650 2113 980 2157 arbitrabantur
1001 2128 1094 2155 esse
1114 2113 1226 2157 illud
1254 2130 1282 2157 n
1297 2131 1422 2158 osce
1449 2126 1500 2160 te

129 2186 343 2244 ipsum,
372 2199 462 2227 non
482 2182 584 2224 ideo
610 2181 804 2240 positum
823 2190 872 2223 ut
893 2181 1000 2223 deus
1020 2181 1321 2238 ingredientes
1346 2187 1502 2242 appel..

131 2254 271 2301 laretz
309 2252 400 2294 iam
431 2259 482 2293 ut
512 2250 599 2308 ipsi
629 2263 802 2305 quoque
833 2248 999 2291 scilicet
1027 2263 1117 2290 non
1150 2249 1299 2292 minus
1319 2252 1502 2305 consilia

134 2319 261 2362 utilia
305 2318 482 2368 darent,
528 2317 624 2360 illas
665 2324 977 2359 consecrarunt
1011 2315 1338 2373 inscriptiones.
1387 2317 1501 2362 hanc

137 2400 246 2429 vero
278 2385 335 2428 ob
359 2399 550 2438 causam,
581 2383 773 2435 Socrate,
801 2383 910 2425 haec
931 2384 1080 2426 omnia
1104 2383 1224 2426 dico:
1250 2386 1403 2442 priora
1424 2387 1504 2429 tibi

142 2453 293 2494 omnIa
321 2453 538 2505 concedo3
578 2451 763 2494 fortasse
794 2452 913 2493 euim
942 2459 990 2494 tu
1020 2451 1188 2507 aliquid
1211 2451 1396 2501 dicisde
1417 2454 1504 2497 illis

141 2519 328 2572 rectius,
364 2518 548 2562 fortasse
584 2534 692 2575 ego3
738 2520 1024 2562 manifestum
1054 2527 1202 2561 autem
1232 2518 1346 2562 nihil
1372 2523 1504 2577 plane

144 2593 238 2629 erat
258 2599 410 2631 eorum
431 2600 543 2642 quae
561 2586 774 2629 diximus.
805 2601 924 2630 nunc
945 2601 1053 2629 vero
1075 2586 1178 2628 volo
1198 2586 1278 2629 tibi
1297 2589 1505 2644 probare,

144 2653 183 2696 si
206 2667 297 2696 non
317 2652 517 2696 concedis
542 2654 882 2712 temperantiam
901 2669 993 2697 esse
1002 2662 1140 2697 semet
1149 2653 1296 2712 ipsum
1309 2668 1504 2696 noscere.
