1696 2898
587 204 1462 258 12.AcHEs.531

102 326 219 374 tant3
257 323 364 365 tiam
395 319 435 365 si
465 318 614 371 mihi
609 331 791 381 quoque
819 321 959 368 adulti
1002 331 1146 368 essent
1185 322 1297 404 filii,
1342 326 1466 425 idem

99 386 184 428 hoc
209 384 419 433 facerem.

208 471 281 517 Ni
350 470 431 517 His
453 488 534 531 ego
557 485 739 533 quoque
750 474 1000 529 assentior,
1040 474 1078 519 si
1105 473 1285 546 quidem
1304 479 1465 526 Socra-

96 541 162 582 tes
199 539 543 594 adolescentium
591 541 784 587 voluerit
818 543 1183 602 procurationem
1225 548 1465 605 suscipere,
1505 598 1507 602 ¹

95 607 271 657 nullum
310 603 450 651 alium
495 624 588 652 esse
632 612 966 666 quaerendumg
1022 626 1127 654 nam
1167 623 1248 669 ego
1286 627 1465 671 quoque

97 673 357 716 Nice1atum
387 674 492 717 huic
523 675 814 720 libentissime
859 678 1109 731 traderem,
1157 677 1194 721 si
1225 679 1385 734 vellet,
1420 691 1464 725 at

97 739 208 783 alios
236 739 348 784 mihi
384 757 562 799 semper
591 743 899 797 commendat,
933 745 1109 802 quando
1135 744 1230 787 eius
1249 747 1315 788 rei
1334 762 1464 790 men-

95 807 262 850 tionem
284 806 415 860 facio,
443 808 540 866 ipse
564 818 710 856 autem
728 821 915 856 recusat.
934 806 1023 855 iam
1037 811 1154 865 vide,
1181 812 1462 871 Lysimache,

97 888 153 916 an
177 874 258 917 tibi
278 877 418 932 magis
438 876 704 933 obsequatur
723 877 934 922 Socrates.

204 967 287 1026 Ly.
342 964 430 1010 Par
453 980 557 1010 sane
576 977 639 1012 est
648 998 663 1022 ,-
703 966 858 1023 Nicia3
894 981 998 1013 nam
1021 982 1101 1026 ego
1127 984 1302 1026 quoque
1319 971 1463 1014 multa

95 1034 316 1077 voluerim
347 1034 452 1077 huic
487 1031 634 1077 facere
669 1051 782 1093 quae
809 1033 1036 1079 noluerim
1069 1036 1166 1078 aliis
1207 1038 1461 1093 permultis.

97 1101 319 1158 quomodo
348 1101 488 1158 igitur
520 1101 652 1154 dicis,
690 1103 905 1147 Socrate?
942 1115 999 1146 an
1030 1099 1274 1159 obsequere
1303 1113 1348 1147 et
1373 1119 1461 1146 no-

94 1169 268 1211 biscum
300 1180 482 1227 operam
517 1168 640 1212 dabis
677 1178 729 1214 ut
775 1166 934 1228 optimi
966 1170 1180 1213 exsistant
1206 1170 1462 1218 adolescen-

94 1236 176 1277 tuli
191 1238 212 1278 ’ἐ

206 1318 279 1365 So.
336 1317 485 1379 Atque
514 1318 646 1366 etiam
686 1334 845 1380 grate,
884 1317 1176 1382 Lysimacho,
1212 1332 1325 1369 esset
1353 1321 1459 1377 hoc,

93 1390 130 1432 si
144 1386 242 1446 quis
262 1389 401 1432 nollet
419 1389 548 1432 alicui
571 1402 754 1448 operam
775 1402 940 1434 navare
958 1397 1008 1433 ut
1027 1392 1221 1449 optimus
1235 1391 1460 1438 evaderet.

93 1457 182 1501 iam
204 1455 241 1498 si
260 1456 306 1498 in
330 1453 612 1499 sermonibus
640 1458 776 1500 modo
795 1455 966 1501 collatis
986 1470 1066 1515 ego
1087 1459 1293 1516 repertus
1316 1473 1460 1501 essem

93 1520 259 1574 sciens,
297 1517 345 1564 hi
375 1537 482 1566 vero
513 1524 785 1575 nescientes,
822 1534 906 1580 par
925 1536 1031 1568 sane
1050 1530 1162 1568 esset
1179 1540 1253 1568 me
1271 1526 1459 1583 potissi-

92 1605 217 1633 mum
249 1590 302 1632 ad
340 1589 425 1631 hoc
458 1602 571 1645 opus
613 1589 856 1642 advocare3
901 1601 1023 1632 nunc
1058 1591 1211 1635 'autem
1250 1593 1460 1636 similiter

94 1669 250 1699 omnes
289 1654 448 1697 consili
487 1653 658 1711 inopia-
675 1651 1002 1708 laboravimus3
1056 1667 1136 1699 cur
1178 1654 1318 1714 igitur
1357 1658 1459 1715 quis

91 1728 296 1766 nostrum
317 1720 511 1777 aliquem
530 1720 692 1778 eligat?
729 1717 842 1764 mihi
872 1735 978 1764 sane
1005 1718 1183 1765 videtur
1202 1720 1289 1781 ipsi
1310 1725 1458 1768 nullus

95 1804 188 1832 esse
207 1786 451 1845 eligendus.
481 1796 527 1831 at
545 1801 684 1845 quum
706 1786 814 1830 haec
833 1788 896 1830 sic
921 1804 969 1831 se
987 1783 1200 1839 habeant,
1229 1788 1379 1835 videte
1398 1807 1457 1834 an

93 1857 180 1900 hoc
199 1852 364 1912 aliquid
382 1853 439 1899 sit
456 1855 574 1913 quod
597 1856 720 1899 vobis
740 1855 919 1899 suadeo.
949 1871 1031 1914 ego
1052 1853 1174 1900 enim
1195 1857 1294 1900 dico
1318 1873 1458 1916 opor·
1517 1867 1521 1869 “

93 1934 214 1975 tere,
252 1939 278 1966 ο
299 1923 384 1966 viri
402 1955 414 1975 ‚
454 1923 598 1976 (haud
624 1923 744 1966 enim
777 1923 1092 1980 pervulgatum
1115 1932 1180 1967 est
1203 1924 1323 1980 quod
1346 1940 1457 1982 pro-

92 1992 255 2051 pono),
278 1989 581 2033 communiter
598 2003 752 2034 omnes
774 2004 856 2031 nos
875 2003 1089 2046 quaerere
1110 1989 1308 2033 maxime
1327 1990 1455 2033 nobis

92 2059 203 2117 ipsis
231 2062 570 2115 praeceptorem
603 2069 735 2113 quam
763 2056 984 2114 optimum
1007 2056 1277 2114 (indigemus
1296 2056 1456 2110 enim),
1482 2056 1485 2059 ’

95 2125 254 2169 deinde
274 2124 407 2167 etiam
436 2123 798 2173 adolescentulis,
838 2137 983 2180 neque
1013 2125 1201 2181 pecunia
1223 2131 1455 2180 parcentes

92 2206 238 2250 neque
258 2192 343 2234 alia
364 2203 449 2249 qua
467 2204 542 2244 re3
568 2198 618 2233 ut
636 2203 744 2233 vero
765 2190 976 2248 nosipsos
994 2190 1189 2233 sinamus
1209 2190 1272 2232 sic
1288 2190 1456 2232 habere

92 2270 148 2310 ut
167 2274 285 2303 nunc
303 2275 382 2302 nos
403 2257 616 2300 habemus
630 2285 643 2310 ‚
678 2270 771 2300 non
793 2258 971 2301 suadeo.
998 2272 1047 2300 ac
1068 2258 1106 2300 si
1131 2255 1229 2314 quis
1252 2265 1455 2300 nostrum

91 2323 266 2378 riserit,
309 2325 427 2383 quod
436 2333 574 2369 aetate
594 2330 686 2368 tam
710 2320 912 2382 provecti
934 2323 990 2367 ad
1014 2331 1324 2382 praeceptores
1340 2323 1455 2367 veli-

92 2406 194 2437 mus
213 2393 456 2445 ventitare,
499 2393 554 2435 ad
581 2393 828 2436 Homerum
861 2388 972 2433 mihi
1002 2390 1181 2433 videtur
1199 2405 1455 2449 provocan-

94 2461 200 2503 dum
234 2475 327 2503 esse
359 2461 436 2518 qui
471 2459 588 2503 dixit
618 2474 704 2502 non
738 2458 900 2502 bonum
929 2471 1024 2499 esse
1048 2456 1264 2514 pudorem
1296 2458 1339 2499 si
1358 2458 1456 2499 viro

94 2528 219 2570 adsit
236 2526 473 2586 indigenti.
487 2540 567 2570 nos
589 2524 727 2583 igitur
739 2524 922 2568 missum
945 2523 1155 2567 facientes
1173 2523 1210 2567 si
1230 2524 1328 2581 quis
1349 2523 1455 2580 qnid
1514 2574 1522 2580 .

93 2594 276 2646 dixerit,
305 2594 602 2638 communiter
621 2595 676 2636 de
698 2592 918 2638 nobismet
938 2591 1044 2650 ipsis
1063 2599 1106 2634 et
1124 2591 1177 2633 de
1199 2591 1455 2634 adolescen-

95 2661 200 2714 tulis
221 2675 374 2705 curam
396 2661 695 2705 adhibeamus.
1062 2726 1099 2768 L
1115 2725 1130 2767 l

1160 2738 1185 2767 2
