1716 2878
515 169 960 211 EUTHYPHRO.
1354 173 1414 211 75

53 291 232 334 domino
262 289 435 332 vinctus
468 297 570 331 ante
603 285 791 345 perierit
817 285 863 328 in
898 285 1092 330 vinculis
1118 301 1252 344 quam
1279 288 1318 331 is
1345 285 1425 344 qui

50 358 270 401 vinxisset
285 372 311 400 a
332 371 564 399 sacrorum
585 354 831 411 interprete
850 363 1138 410 cognosceret
1157 353 1273 411 quid'
1289 370 1427 413 agen-

53 426 162 468 dum
184 415 313 477 foret,
333 432 463 479 atque
487 431 661 465 rectum
683 434 776 463 esse
791 421 938 464 filium
958 422 1056 464 talis
1077 421 1275 465 hominis
1296 438 1428 474 causa

23 546 25 549 Ι
48 502 227 551 patrem
256 506 462 534 accusare
491 490 620 546 eique
648 489 794 532 caedis
817 490 1039 532 actionem
1065 489 1335 533 intendere?
1372 491 1428 533 de

22 563 26 597 ἱ
48 557 136 611 his,
165 573 259 616 age,
285 574 448 602 conare
468 558 581 601 mihi
603 557 842 616 perspicue
863 557 1123 609 ostendere,
1152 556 1267 599 hanc
1286 560 1429 601 actio-

24 647 27 658 =
50 641 157 668 nem
183 627 370 672 omnino
391 626 598 669 omnibus
622 625 705 668 diis
727 634 897 668 rectam
919 625 1093 678 videi-ig
1137 626 1258 682 quod
1289 626 1327 668 si
1357 641 1431 668 sa-

25 708 27 719 *
49 692 107 735 tis
127 693 401 751 persuaseris
424 693 564 748 mihi,
594 691 639 734 te
670 692 727 735 ob
750 692 1016 751 sapientiam
1047 692 1275 737 dilaudare
1295 709 1432 737 num·-

54 775 190 816 quam
213 763 427 805 desinam.

161 829 248 871 Eu.
306 829 369 874 At
386 829 571 874 fortasse
602 844 696 872 non
717 828 860 872 facilis
895 829 1124 874 intellectu
1157 846 1229 873 res
1251 837 1341 884 est,
1361 830 1437 874 mi

52 894 284 951 Socrates3
324 898 527 955 quamvis
575 912 674 941 eam
717 896 959 956 perspicue
1001 898 1311 942 demonstrare
1350 896 1434 942 tibi

55 963 241 1020 possim.

166 1031 237 1073 So
296 1033 451 1074 Teneo
470 1050 482 1086 3
516 1047 681 1092 nempe
702 1048 778 1077 me
799 1033 1041 1078 tardiorem
1061 1042 1192 1092 putas
1214 1033 1439 1076 iudicibus

56 1112 149 1139 esse
165 1115 178 1151 3
212 1099 376 1142 etenim
400 1099 470 1141 his
494 1115 599 1142 sane
630 1100 832 1144 ostendes
866 1101 1033 1145 iniusta
1055 1102 1160 1146 talia
1189 1117 1283 1144 esse
1316 1110 1359 1146 et
1382 1102 1438 1144 ab

26 1161 27 1167 ¹
57 1165 266 1208 omnibus
289 1166 371 1208 diis
392 1166 493 1208 odio
515 1166 688 1210 haberi.

167 1233 258 1276 Eu.
317 1232 431 1276 Sane
452 1248 585 1290 quam
608 1233 740 1288 clare,
767 1233 970 1290 Socrate,
994 1237 1032 1279 si
1056 1237 1193 1281 modo
1214 1237 1439 1316 dicentem

31 1313 133 1342 me
153 1299 389 1343 audieiint..

55 1370 64 1377 ”
169 1367 241 1410 So.
299 1367 361 1411 At
381 1368 589 1422 audient,
618 1370 655 1413 si
674 1370 808 1413 modo
842 1373 1035 1429 pulchre
1064 1373 1214 1417 dicere
1247 1373 1443 1418 videare.

39 1393 143 1494 {hoc
164 1443 314 1478 autem
332 1444 376 1479 te
395 1436 607 1493 loquente
623 1439 812 1495 cogitavi
833 1448 875 1483 et
893 1441 1038 1484 adhuc
1058 1455 1235 1484 mecum
1258 1452 1446 1501 reputo:

34 1526 37 1536 ·
59 1502 193 1544 etiam
216 1502 250 1561 si
270 1517 344 1544 me
375 1505 576 1548 maxime
598 1506 869 1564 Euthyphro
895 1508 1102 1553 docuerit
1128 1509 1211 1552 diis
1238 1510 1449 1553 omnibus

51 1570 194 1612 ¹talem
225 1584 382 1612 necem
415 1572 626 1617 iniustam
659 1574 830 1626 videri,
862 1577 937 1632 qui
963 1578 1105 1636 magis
1127 1587 1224 1622 tum
1250 1578 1451 1621 didicero

32 1638 116 1679 ab
139 1636 493 1696 Euthy‘phrone,
521 1641 627 1698 quid
645 1642 825 1684 tandem
849 1651 892 1686 et
912 1644 1040 1702 pium
1063 1646 1121 1688 sit
1151 1655 1196 1689 et
1217 1646 1449 1704 impium?

34 1705 229 1763 quippe
261 1704 458 1750 invisum
482 1708 592 1760 diis,
622 1718 672 1752 ut
704 1719 848 1768 patet,
885 1711 1060 1755 facinus
1090 1713 1203 1756 illud
1227 1713 1336 1768 erit3
1374 1713 1454 1757 sed

62 1789 204 1832 appar
208 1774 273 1816 uit
286 1774 419 1817 modo
441 1791 533 1817 non
557 1778 619 1818 sic
640 1777 878 1821 definitum
899 1794 993 1821 esse
1012 1780 1141 1837 pium
1162 1788 1207 1823 et
1231 1781 1453 1840 impium·
1440 1815 1454 1836 ‚

64 1857 107 1884 n·
100 1857 170 1883 xm
193 1841 338 1898 quod
325 1842 523 1885 invisum
557 1852 622 1886 est
644 1844 750 1898 diis,
776 1862 916 1904 appai
921 1847 986 1890 uit
1013 1849 1150 1890 etiam
1179 1863 1335 1891 calum
1372 1849 1456 1892 diis

65 1923 172 1951 esse.
202 1908 411 1963 quociica
441 1909 525 1951 hoo
554 1910 637 1952 tibi
667 1913 874 1967 iemitio,
909 1914 1209 1973 Euthyphro,
1238 1925 1282 1959 et
1304 1917 1343 1960 si
1369 1918 1455 1969 vis,

0 1991 4 2013 ι
65 1992 220 2019 omnes
251 1976 313 2018 dii
345 1975 563 2018 iniustum
591 1978 878 2023 existimanto
918 1996 1165 2038 omnesque
1189 1984 1283 2027 eius
1304 1984 1459 2029 odium

65 2043 276 2088 habento.
302 2058 413 2085 num
435 2058 543 2085 vero
565 2042 651 2090 hoe
676 2060 799 2089 nunc
823 2046 887 2088 ita
909 2048 1229 2104 comigendum
1255 2065 1349 2093 esse
1366 2059 1460 2110 pu-'

12 2149 14 2152 ,
66 2120 134 2154 tas
150 2109 208 2152 iu
230 2123 438 2153 sermone
460 2119 639 2162 nostro,
671 2121 724 2156 ut
753 2127 1008 2166 sumamus,
1043 2115 1169 2161 euius
1201 2132 1357 2162 omnes
1394 2119 1459 2163 dii

69 2177 222 2220 odium
258 2177 451 2220 habeant
482 2178 529 2221 id
561 2178 757 2236 impium
787 2195 907 2231 esse,
951 2181 1070 2237 quod
1106 2192 1256 2229 autem
1287 2196 1455 2239 ament,

15 2246 218 2304 «pium,
256 2245 374 2301 quod
403 2261 511 2287 vero
542 2246 619 2288 alii
650 2260 808 2290 eorum
843 2257 1017 2298 ament,
1056 2250 1131 2297 alii
1162 2245 1365 2306 oderint,
1408 2254 1456 2297 id

18 2315 21 2329 ”
42 2339 44 2344 ·
69 2321 283 2356 neutrum
307 2320 382 2355 aut
402 2323 646 2371 utrumque
668 2328 760 2355 esse
774 2314 795 2356 ’ἓ
831 2330 940 2373 num
962 2315 1024 2358 ita
1045 2316 1113 2360 vis
1135 2319 1264 2362 nobis
1294 2320 1458 2365 defini-

43 2380 111 2428 ⁴‚ri
134 2395 253 2424 nunc
274 2380 450 2437 pietatis
474 2390 518 2424 et
545 2381 787 2439 impietatis
810 2383 1072 2427 notionem?

183 2448 276 2489 Ειι.
334 2447 459 2504 Quid
484 2448 605 2490 enim
626 2448 863 2506 prohibet,
890 2452 1107 2494 Socrate?

186 2516 253 2557 So.
311 2515 390 2557 Me
423 2515 602 2575 quidem
637 2516 774 2568 nihil,
803 2516 1105 2575 Euthyphr03
1139 2521 1216 2565 sed
1240 2531 1334 2566 tute
1366 2525 1460 2568 iam

65 2581 168 2643 Jipse
193 2581 445 2634 considera,
474 2598 531 2624 au
553 2597 605 2624 eo
626 2584 770 2640 posito
801 2585 864 2627 sic
884 2585 1059 2628 facilius
1079 2603 1151 2630 me
1172 2589 1333 2635 docere
1354 2607 1462 2649 pos-

49 2679 52 2687 ,
71 2650 134 2691 =sis
156 2649 273 2706 quod
296 2649 556 2706 promisisti.
