1734 2872
478 220 845 275 APOLoan
879 219 1229 262 soanTIs
1454 227 1544 264 119

172 339 424 399 praebeant.
475 338 643 394 atenim
670 337 775 381 satis
801 337 1022 391 ostendis,
1066 337 1246 390 Melite,
1295 351 1542 395 numquam

171 408 254 451 tibi
272 421 404 449 curae
424 405 564 450 fuisse
582 405 892 458 adolescentes,
919 405 1106 462 ipseque
1134 405 1371 463 perspicue
1392 405 1541 447 decla-

170 490 239 517 ras
277 472 593 531 negligentiam
630 482 780 527 tuam,
829 472 946 530 quod
982 471 1097 515 nihil
1135 474 1359 515 curaveris
1388 486 1459 514 res
1485 472 1541 515 de

169 539 329 599 quibus
358 556 432 584 me
460 541 509 584 in
539 540 756 590 iudicium
777 556 923 585 vocas.
960 539 1036 583 sed
1056 548 1288 598 praeterea
1310 540 1380 581 die
1397 540 1541 590 nobis,

166 623 251 667 per
283 609 419 652 deum
448 609 778 660 immortalem,
816 608 997 660 Melite,
1035 606 1232 650 satiusne
1257 614 1320 648 est
1338 606 1544 661 habitare

166 675 285 719 inter
319 676 438 719 cives
468 677 636 731 bonos,
666 692 724 720 an
753 672 874 720 inte'r
902 676 1076 719 malos?
1110 673 1355 731 responde,
1383 674 1538 726 sodes;

166 743 283 786 nihil
312 743 432 786 enim
462 744 640 788 difficile
660 760 787 803 rogo,
824 759 976 788 nonne
994 743 1101 786 mali
1117 741 1341 800 proximis
1359 757 1538 800 semper

164 809 325 854 vicinis
350 811 412 854 in·
428 811 576 870 aliqua
602 827 654 855 re
673 819 861 870 nocent,
889 812 997 854 boni
1021 826 1130 854 vero
1154 811 1381 869 prosunt?
1418 809 1536 852 Sane

164 878 362 935 quidem.
417 879 556 922 Estne
587 895 694 938 ergo
723 879 909 937 aliquis,
947 879 1110 936 quivab
1131 878 1186 920 iis
1211 891 1406 934 quorum
1427 885 1539 926 con-j

163 947 400 989 suetudine
432 955 581 990 utatur
613 948 761 1006 potius
791 947 1006 989 damnum
1034 946 1160 989 malit
1178 959 1312 1002 quam
1334 959 1537 987 commo-

166 1014 275 1056 dum
294 1013 531 1070 accipere?
567 1015 723 1057 amabo
744 1021 815 1066 te,
845 1014 1093 1071 responde3
1132 1028 1237 1055 nam
1261 1012 1537 1069 respondere

167 1080 345 1136 quidem
377 1080 511 1123 etiam
539 1081 617 1124 lex
650 1081 790 1126 iubet.
839 1089 961 1123 estne
997 1081 1074 1137 qui
1106 1079 1192 1122 sibi
1213 1079 1325 1122 velit
1346 1079 1538 1125 noceri?

165 1147 586 1203 Nemoquisquam.
646 1149 744 1206 Age
770 1163 904 1201 vero,
941 1154 1094 1190 utrum
1129 1147 1216 1188 huc
1247 1162 1321 1189 me
1349 1146 1534 1197 vocasti,

165 1214 284 1272 quod
314 1229 602 1273 corrumpam
636 1216 935 1258 adolescentes
954 1223 998 1257 et
1016 1214 1234 1272 pessimos
1255 1228 1326 1257 eos
1349 1214 1537 1257 reddam

164 1283 387 1333 consulto,
435 1296 493 1323 an
532 1282 654 1338 quod
694 1282 886 1325 nolens?
961 1281 1097 1340 Quod
1129 1285 1330 1325 consulto
1355 1281 1537 1323 scilicet:

164 1348 288 1407 Quid
316 1348 529 1392 tandem?
565 1348 733 1391 adeone
762 1358 812 1392 tu
840 1348 918 1406 qui
943 1349 991 1391 id
1018 1365 1063 1392 es
1082 1351 1322 1399 aetatulae,
1361 1348 1534 1398 Melite,

160 1415 402 1474 sapientior
431 1431 476 1458 es
504 1431 579 1458 me
608 1425 718 1460 natu
737 1417 826 1460 iam
855 1417 1037 1475 grandi,
1077 1425 1129 1460 ut
1146 1423 1196 1458 tu
1223 1415 1404 1474 quidem
1425 1429 1536 1471 cog÷

162 1485 308 1528 nitum
339 1484 501 1527 habeas
533 1484 674 1543 malos
706 1486 822 1528 male
840 1485 1064 1544 proximis
1083 1499 1261 1543 semper
1278 1482 1438 1526 vicinis
1458 1481 1536 1524 fa-

161 1567 286 1603 cere,
334 1551 478 1594 bonos
521 1566 632 1594 vero
674 1552 811 1606 bene,
861 1568 943 1610 ego
985 1561 1136 1597 autem
1165 1567 1218 1596 eo
1252 1550 1534 1609 ignorantiae

159 1619 454 1678 processerim
468 1650 481 1672 ,
522 1628 573 1663 ut
596 1619 684 1663 hoc
706 1635 883 1678 quoque
900 1620 1122 1672 nesciam,
1157 1620 1195 1663 si
1217 1635 1351 1678 quem
1371 1633 1533 1660 eorum

162 1687 320 1744 quibus
339 1695 465 1741 utar,
489 1687 755 1746 improbum
776 1687 962 1731 fecerim
975 1720 988 1741 ,
1027 1689 1166 1732 mein
1183 1687 1438 1746 periculum
1458 1687 1535 1734 in-3

119 1797 122 1801 ,
160 1770 346 1798 currere
377 1770 435 1797 ne
467 1755 575 1812 quid
608 1755 663 1798 ab
694 1770 747 1797 eo
781 1755 888 1797 mali
913 1755 1160 1814 accipiam?
1201 1755 1410 1812 quocirca
1429 1761 1534 1801 tan-,

160 1833 256 1868 tum
274 1823 362 1865 hoo
387 1823 497 1865 mali
517 1824 748 1867 voluntate
771 1838 873 1866 mea
895 1824 1153 1877 intulerim,
1181 1833 1230 1868 ut
1250 1831 1300 1866 tu
1323 1822 1419 1864 ais?
1445 1821 1533 1864 hoc

162 1906 243 1948 ego
274 1891 357 1932 tibi
381 1906 473 1932 non
496 1890 652 1944 credo,
691 1892 872 1944 Melite,
902 1907 1047 1949 neque
1067 1891 1202 1942 alius,
1240 1898 1378 1949 put0,
1402 1889 1533 1946 quis-

163 1972 299 2014 quam
315 1956 550 2000 hominum
570 1958 746 2012 credet3
773 1974 935 2002 verum
959 1967 1034 2002 aut
1056 1975 1150 2001 non
1171 1972 1428 2015 corrumpo,
1457 1966 1533 2001 aut

165 2025 204 2067 si
236 2038 502 2080 corrump0,
539 2023 654 2067 facio
671 2026 854 2068 nolens:
881 2035 933 2069 ut
953 2034 1002 2068 tu
1025 2025 1207 2081 quidem
1223 2026 1274 2067 in
1297 2034 1533 2080 utramque

159 2099 337 2149 partem
369 2090 597 2133 mentiare.
636 2091 706 2133 sin
730 2100 877 2133 antem
898 2093 1058 2133 nolens
1078 2107 1345 2148 corrumpo,
1371 2106 1533 2148 pecca-

160 2166 313 2201 torum
335 2156 488 2199 talium
516 2165 560 2200 et
577 2157 631 2200 ab
645 2156 790 2200 invito
803 2157 1141 2200 commissorum
1154 2159 1382 2201 neminem
1392 2159 1533 2202 moris

161 2233 227 2268 est
247 2223 335 2266 huc
353 2239 599 2267 arcessere:
617 2225 692 2267 sed
711 2224 924 2282 privatim
939 2240 1154 2282 prensum
1178 2225 1337 2268 docere
1348 2235 1394 2270 et
1404 2241 1534 2274 com-j

161 2291 470 2344 monefacere3
508 2307 655 2348 neque
690 2293 812 2334 enim
839 2290 1023 2336 dubium
1057 2301 1122 2335 est
1149 2294 1284 2350 quin,
1320 2294 1398 2336 ubi
1429 2310 1529 2339 rem

162 2358 410 2410 didicerim,
441 2359 679 2404 destiturus
701 2360 787 2403 sim
803 2359 849 2403 id
870 2359 1018 2403 facere
1040 2361 1158 2418 quod
1174 2360 1335 2404 faciam
1356 2362 1533 2422 impru-'

162 2426 286 2470 dens.
315 2435 365 2469 tu
384 2434 533 2470 autem
551 2442 683 2485 agere
705 2443 885 2472 mecum
910 2436 956 2472 et
978 2443 1053 2470 me
1072 2427 1231 2471 docere
1242 2429 1532 2488 vitastiatque

161 2491 368 2541 noluisti,·
402 2493 478 2536 sed
508 2494 597 2538 huc
631 2496 813 2538 arcessis
841 2510 929 2552 quo
958 2510 1180 2538 arcessere
1208 2499 1346 2541 moris
1371 2508 1436 2542 est
1453 2515 1531 2543 eos

162 2559 240 2615 qui
267 2560 564 2616 castigationis
588 2571 741 2619 egent,
767 2578 858 2605 non
877 2563 1148 2619 disciplinae.

272 2627 454 2669 Atenim
497 2628 636 2680 illud,
680 2629 996 2683 Athenienses,
1042 2631 1132 2673 iam
1160 2642 1371 2688 apparet,
1412 2637 1531 2690 quod

162 2708 243 2750 ego
280 2693 510 2748 dicebam,
556 2695 661 2739 huic
699 2696 853 2740 Melito
881 2713 976 2741 rem
1010 2699 1125 2742 nulli
1155 2715 1368 2758 umquam
1399 2717 1533 2744 curae
