1734 2872
466 229 901 273 ALcimADES
927 215 1197 272 ramus
1410 247 1501 284 211

252 352 327 395 'AL
383 348 635 394 Nominasti
652 361 774 391 vero.

195 419 197 421 ’
252 420 324 464 So.
369 411 751 461 -Nonne³1·ecte2==.
803 436 806 441 ·

185 499 208 521 ¹-
238 476 867 528 AEsMihi‘san'e,videtu1-.'e
909 495 925 514 ·-
999 511 1002 514 »
1058 511 1061 514 -

252 553 326 596 So.
381 551 587 609 Agedum
619 558 668 593 ιιι
701 563 875 613 quoque
905 549 1010 624 (par
1033 557 1098 592 est
1117 549 1238 593 enim
1262 552 1359 596 sine
1374 553 1510 600 dubio

141 632 188 666 te
218 634 395 678 quoque
425 626 547 662 recte
568 617 763 675 eloqui)
773 617 848 660 dic
867 615 1094 675 plimum,
1122 630 1338 674 quaenam
1357 631 1423 667 est
1439 639 1511 668 ars

143 688 283 731 cuius
297 695 367 730 est
393 686 625 731 citharam·
636 687 818 751 pulsare
840 693 884 727 et
901 698 1063 727 canere
1086 694 1130 727 et
1148 685 1358 731 incedere
1375 701 1516 745 recte,

143 751 352 802 universa
377 751 575 813 ququam
595 749 894 847 ·²11uneupatur
913 752 1135 797 nomine?
1167 754 1367 799 nondum
1387 766 1515 816 poten

95 851 98 853 Δ
143 825 322 867 dicere?

207 891 323 935 Al
379 891 745 948 Haudquaquam·
793 917 798 921 -
825 915 829 921 ι
886 926 890 928 ,
960 918 965 921 -
1002 919 1005 921 >
1123 928 1126 932 .

256 959 329 1001 So.
384 958 451 1000 Ita
481 958 621 1050 igitur
658 970 835 998 conare.
885 970 1104 1019 quaenam
1135 964 1240 998 sunt
1270 957 1379 1002 deae
1405 974 1515 1016 qua.

142 1038 246 1066 rum
269 1032 335 1066 est
355 1024 497 1065 ars?
615 1051 617 1054 .
646 1034 719 1055 ’μὴ’
743 1034 769 1042 ··
1023 1036 1025 1041 ·

252 1091 330 1133 Al.
386 1089 794 1141 Musas‚Soc1ate‚
822 1082 964 1132 dicis?

203 1183 207 1188 ·
247 1159 326 1201 So.
383 1158 480 1214 Ego
518 1171 656 1211 vero’3
692 1158 786 1200 iam
810 1157 942 1210 vide,
983 1151 1206 1214 quodnam
1234 1171 1294 1200 ex
1324 1157 1394 1201 his
1424 1175 1512 1203 no·-

141 1240 247 1268 men
273 1240 344 1267 ars
362 1224 601 1266 invenerit.

251 1293 324 1335 Al.
380 1292 597 1334 Musicam
622 1289 737 1334 mihi
762 1289 928 1331 videris
949 1290 1114 1334 dicere.

176 1352 177 1355 ¹
252 1360 321 1402 So.
381 1358 495 1401 Sane
516 1358 630 1400 dico.
667 1357 882 1414 quidnam
901 1351 1125 1413 igitur-sest
1146 1356 1191 1398 id
1213 1359 1331 1414 quod
1351 1376 1410 1404 ex
1431 1362 1514 1407 hac

140 1436 262 1472 recte
292 1426 523 1485 peragitur
537 1428 556 1466 ἱ)
592 1425 969 1482 quemadmodum
993 1424 1056 1467 ibi
1079 1439 1161 1482 ego
1183 1424 1262 1468 tibi
1282 1430 1517 1475 nominavi

141 1495 257 1552 quod
291 1509 349 1537 ex
375 1489 475 1536 arte'
503 1493 781 1551 gymnastica
806 1500 929 1534 recte
950 1491 1208 1550 peragitur,
1250 1494 1312 1538 sic
1329 1504 1379 1538 tu
1400 1512 1515 1554 quo-3

144 1578 229 1620 que
247 1562 322 1605 hie
347 1560 571 1618 quomodo
593 1560 701 1602 dicis
719 1559 911 1617 peragi?

251 1628 342 1674 Al.'
384 1627 556 1671 Musice
576 1626 690 1669 mihi
707 1627 898 1670 videtur.
1086 1676 1090 1679 ,

256 1699 327 1740 So.
382 1696 504 1738 Bene
533 1695 652 1738 dicis.
691 1694 882 1751 agedum
907 1692 952 1736 id
976 1694 1095 1751 quod
1117 1704 1312 1753 praestat
1331 1697 1380 1740 in
1398 1698 1515 1742 bello

143 1764 336 1823 gerendo
374 1774 419 1807 et
458 1765 508 1805 in
541 1778 650 1820 pace
680 1763 885 1820 agitanda
912 1777 1107 1819 quonam
1140 1762 1275 1807 afficis
1300 1767 1517 1808 nomine?

146 1830 516 1888 quemadmodum
545 1831 606 1872 ibi
628 1831 677 1872 in
700 1826 894 1887 utroque
915 1829 1157 1873 nominasti
1175 1831 1221 1872 id
1243 1831 1362 1887 quod
1384 1848 1518 1890 prae-

147 1908 254 1951 stat,
293 1899 343 1939 in
374 1913 466 1939 uno
498 1897 545 1939 id
576 1898 724 1941 dicens
756 1898 1007 1950 musicum,
1039 1899 1089 1940 in
1109 1897 1250 1940 altero
1268 1900 1519 1955 gymnasti-

146 1979 264 2017 cum,
287 1963 349 2005 sic
371 1975 536 2005 conare
556 1964 689 2007 etiam
710 1965 786 2007 hic
805 1965 954 2008 dicere
975 1964 1165 2020 id-quod
1185 1964 1408 2008 conducit.

257 2030 334 2073 Al.
392 2029 522 2072 Haud
541 2045 645 2072 sane
666 2046 865 2087 possum.

259 2098 330 2141 So.
390 2096 600 2139 Attamen
637 2104 768 2154 turpe
806 2105 942 2147 esset,
985 2097 1022 2139 si
1043 2097 1139 2154 quis
1163 2105 1209 2140 te
1230 2095 1448 2142 dicentem
1476 2107 1521 2144 et

148 2165 385 2208 consilium
417 2163 594 2207 dantem
615 2163 669 2205 de
687 2163 797 2207 cibis
811 2196 823 2217 ,
868 2163 1104 2206 meliorem
1122 2179 1215 2206 esse
1236 2164 1357 2208 hunc
1376 2165 1454 2210 illo
1475 2175 1520 2210 et

140 2233 269 2275 'nunc
287 2240 337 2278 ,et
359 2240 548 2283 tantum,
573 2229 898 2288 interrogaret:
957 2230 1081 2288 Quid
1100 2231 1261 2273 melius
1279 2247 1375 2274 esse
1396 2231 1519 2295 dicis,

151 2297 381 2343 Alcibiade
395 2299 417 2341 ’ἓ
455 2308 498 2343 et
526 2307 575 2342 tu
603 2299 659 2341 de
677 2297 748 2343 his
765 2312 916 2355 posses
938 2298 1085 2341 dicere
1108 2298 1268 2341 melius
1289 2313 1382 2340 esse
1402 2300 1522 2342 salu-

150 2367 300 2419 brius,
338 2366 443 2411 licet
474 2376 518 2410 te
550 2382 641 2409 non
675 2366 941 2424 profiterere
971 2366 1195 2408 medicum
1227 2380 1350 2416 esser
1384 2366 1438 2408 de
1469 2382 1521 2408 eo

151 2449 261 2476 vero
291 2434 593 2491 interrogatus
621 2434 749 2476 cuius
776 2443 821 2478 te
843 2433 1056 2476 scientem
1079 2448 1171 2475 esse
1189 2431 1453 2490 profiterere
1476 2439 1523 2475 et

154 2501 320 2559 quippe
337 2501 592 2560 intelligens
617 2515 820 2558 surgeres
846 2501 900 2543 ad
924 2500 1212 2551 suadendum,
1241 2514 1335 2541 non
1355 2514 1522 2557 posses,

153 2578 204 2611 ut
224 2568 390 2625 liquet,
423 2571 642 2614 rationem
662 2568 862 2613 reddere.
892 2583 986 2611 non
1009 2565 1322 2611 erubesceres?
1352 2580 1409 2608 an
1433 2579 1521 2608 non

153 2644 285 2693 turpe
308 2632 521 2679 videtur?

267 2702 339 2744 Al.
395 2705 509 2749 Sane
540 2705 730 2762 quidem.

1154 2772 1192 2811 O
1222 2784 1244 2812 2
