1716 2878
589 143 1039 227 EUTHYPHRO.
1445 189 1503 228 65
1546 232 1548 234 ,

107 297 217 357 ἀμ
232 304 376 354 pater·
393 297 452 340 sit
480 296 578 352 sisse
603 303 748 343 mater
778 309 856 347 seu
878 297 992 346 alius
1023 295 1270 357 quispiam3
1298 311 1392 342 non
1415 316 1504 343 vo—

49 360 86 381 ’·“’
122 363 222 410 care
242 371 391 409 autem
411 364 606 421 impium
622 377 735 417 esse.
767 363 960 413 etenim,
992 363 1199 419 Socrate,
1230 366 1335 410 vide
1367 384 1502 425 quam

118 431 256 490 grave
288 432 368 476 tibi
403 431 617 484 allaturus
646 430 733 486 sim
773 439 1090 486 argumentum
1121 447 1208 488 quo
1237 435 1503 481 confirmem

120 513 407 541 communem
445 498 682 540 hominum
725 498 1063 555 persuasionem
1103 499 1188 542 hoc
1223 503 1501 561 praecipere,

119 582 207 623 quo
234 567 413 623 quidem
435 566 552 624 apud
576 566 694 608 alios?
719 580 898 623 quoque
918 566 1008 608 iam
1030 581 1134 608 usus
1167 583 1265 612 sum
1285 572 1502 620 RutJdoce-

117 649 217 677 rem
249 643 422 678 rectum
446 649 544 676 *esse
571 633 740 676 nullius
777 633 1014 690 indulgere
1045 633 1267 692 impietati
1299 639 1501 696 quisquis

115 700 296 746 tandem
316 702 393 745 ille
415 711 541 745 esset.
583 700 672 758 ipsi
695 700 817 744 enim
844 700 1098 754 homines‚:
1126 702 1208 745 etsi
1241 705 1505 751 existimant

116 771 270 813 Iovem
295 769 481 812 deorum
501 769 722 827 optimum
748 785 842 812 esse
865 778 997 826 atque
1030 769 1350 825 iustissimum,
1379 773 1504 817 hunc

62 893 65 896 Ι
113 847 265 884 tamen
293 853 385 880 uno
419 852 499 880 ore
538 837 694 879 dicunt
724 845 900 894 patrem
936 852 1069 882 suum
1105 837 1329 889 vinxisse,
1377 842 1502 896 quod.

112 914 238 949 natos
257 908 378 949 nullo
398 905 497 948 iure
521 905 762 957 devorarit,
787 914 830 948 et
851 904 974 947 hunc
994 916 1150 947 rursus
1167 914 1346 963 patrem
1364 924 1500 955 suum

114 973 362 1016 exsecuisse
394 980 584 1030 propter
612 973 778 1015 similia
803 971 1031 1025 facinora3
1066 972 1182 1015 mihi
1216 982 1366 1019 antem
1394 991 1500 1020 suc-⁶·

113 1048 295 1083 censent
326 1041 444 1096 quod
483 1048 659 1096 patrem
702 1039 869 1082 iniuste
910 1039 1149 1082 facientem
1181 1040 1229 1082 in
1261 1040 1334 1085 ius
1360 1060 1499 1090 voca-

113 1107 229 1162 rim3
259 1108 320 1150 ita
342 1107 428 1164 ipsi
451 1106 534 1148 sibi
555 1107 777 1149 contraria
812 1106 963 1149 dicunt
985 1114 1028 1148 et
1051 1106 1105 1148 de
1135 1107 1218 1150 diis
1249 1118 1291 1152 et
1323 1112 1378 1153 de
1404 1096 1500 1157 ines

223 1175 293 1218 So·
351 1171 470 1216 Haec
493 1173 735 1226 nimirum,
765 1171 1060 1231 Euthyphro,
1091 1184 1157 1218 est
1187 1190 1316 1220 causa
1344 1195 1423 1223 cur
1444 1182 1495 1224 in
1552 1192 1559 1195 ⁷

110 1241 196 1284 hoc
232 1242 404 1284 crimen
434 1241 662 1294 venerim,
706 1242 824 1297 quod
857 1241 960 1283 talia
987 1242 1024 1283 si
1059 1243 1157 1298 quis
1186 1243 1401 1300 loquatur
1439 1248 1495 1290 de

110 1307 209 1363 diis,
237 1324 330 1352 non
349 1308 446 1351 sine
471 1308 618 1364 aliqua
644 1307 890 1351 offensione
914 1308 1046 1350 audio
1060 1325 1074 1362 3
1104 1311 1399 1366 quamobrem
1423 1315 1494 1358 di-

107 1386 177 1420 cet
199 1392 451 1426 nonnemO,
480 1383 530 1419 ut
559 1376 744 1434 opinor,
775 1391 848 1418 me
878 1390 1080 1433 peccare.
1110 1390 1232 1420 nunc
1255 1379 1491 1435 igitur,‚si

104 1453 155 1487 tu
175 1446 327 1488 eadem
351 1444 509 1493 sentis,
535 1444 700 1502 quippe
722 1443 879 1487 talium
902 1458 1056 1486 rerum
1080 1443 1195 1487 bene
1216 1446 1487 1506 intelligens,

104 1512 217 1556 mihi
239 1527 428 1570 quoque,
458 1520 508 1554 ut
528 1511 748 1564 arbitror,
772 1526 950 1554 necesse
972 1512 1058 1554 erit
1082 1513 1351 1569 concedere3
1380 1531 1487 1559 nam

105 1581 210 1638 quid
234 1581 353 1623 aliud
375 1580 598 1632 dicamus,
626 1587 676 1623 ut
698 1578 776 1635 qui
809 1579 895 1636 ipsi
927 1578 1149 1623 fateamur
1176 1581 1230 1622 de
1254 1581 1325 1623 his
1348 1579 1485 1627 rebus

102 1647 218 1690 nihil
239 1664 319 1690 nos
337 1648 484 1690 scire?
511 1655 555 1690 at
580 1662 664 1705 per
692 1645 824 1688 deum
847 1647 1093 1699 amicitiae,-
1125 1648 1196 1691 dic
1214 1649 1345 1702 mihi,
1374 1659 1484 1693 tune

102 1724 222 1760 certe
246 1716 398 1759 statuis
420 1714 528 1757 haec
551 1714 612 1757 ita
632 1713 746 1756 facta
769 1715 895 1757 esse?

210 1784 301 1827 Ειι.
360 1784 504 1826 Immo
525 1782 618 1836 his,
646 1782 851 1834 Socrate,
879 1783 1015 1826 etiam
1036 1781 1340 1840 mirabiliora,
1365 1799 1478 1844 quae

103 1850 256 1907 volgus
278 1850 430 1894 nescit.

212 1918 285 1961 So.
341 1919 485 1975 Igitur
504 1917 675 1962 bellum
695 1925 741 1961 tu
763 1933 870 1960 vere
886 1928 1013 1976 putas
1035 1920 1202 1978 cooriri
1229 1920 1350 1963 inter
1372 1922 1478 1964 deos
1525 1971 1527 1973 ¹

102 1992 146 2026 et
167 1998 322 2039 graves
341 1986 596 2028 inimicitias
619 2001 875 2043 pugnasque
899 1996 942 2029 et
962 1987 1047 2029 alia
1080 1987 1299 2030 eiusmodi
1321 1987 1476 2035 multa,
1498 1988 1502 1990 ’

103 2066 214 2106 quae
250 2059 292 2092 et
322 2066 346 2093 a
376 2053 516 2109 poetis
544 2061 783 2094 narrantur
815 2061 858 2094 et
886 2069 910 2094 a
946 2054 1075 2094 bonis
1107 2053 1351 2109 pictoribus
1381 2061 1478 2097 tum

101 2118 197 2160 aliis
220 2117 266 2159 iu
299 2119 433 2160 sacris
464 2119 587 2160 nobis
611 2118 783 2174 depicta
806 2126 933 2171 sunt,
963 2127 1056 2160 tum
1079 2119 1211 2160 etiam
1242 2118 1289 2175 in
1319 2134 1369 2160 eo
1389 2135 1476 2176 pe-

99 2186 199 2242 plo,
234 2186 352 2241 quod
393 2186 562 2242 maguis
592 2183 910 2227 Panathenaeis
951 2187 1183 2246 oppletum
1211 2185 1470 2231 huiusmodi

98 2251 364 2309 imaginibus
382 2254 510 2310 pictis
533 2252 764 2296 deducitur
781 2251 829 2294 in
850 2252 1230 2310 arcem.haeccine
1250 2269 1357 2297 vera
1376 2270 1470 2298 esse

99 2320 294 2363 dicamus
307 2354 318 2374 ,
345 2322 410 2364 Eu
420 2322 613 2379 lhyphro
625 2322 645 2362 ¹?

206 2389 295 2430 Ειι.
354 2390 455 2431 Nou
482 2390 573 2431 sola
604 2389 737 2440 haec,
787 2387 994 2437 Socrate,
1029 2387 1134 2440 sed,
1174 2388 1292 2444 quod
1331 2387 1466 2444 paulo

99 2462 197 2496 ante
233 2455 352 2506 dixi,
381 2457 465 2498 alia
509 2471 685 2512 quoque
712 2455 794 2497 tibi
825 2456 987 2505 multa,
1026 2454 1063 2496 si
1097 2453 1231 2496 modo
1260 2455 1465 2502 volueris,

99 2521 151 2561 de
175 2521 306 2563 rebus
339 2522 498 2564 divinis
520 2538 766 2580 exponam,
797 2538 908 2578 quae
934 2537 1074 2579 quum
1096 2522 1316 2564 audiveris
1346 2521 1465 2563 haud

97 2588 229 2629 dubie
248 2591 445 2631 animum
466 2597 593 2632 ‘tuum
613 2590 877 2648 percutient.

207 2657 278 2698 So.
336 2657 438 2700 Non
465 2658 668 2714 equidem
697 2658 847 2703 mirer.
869 2658 945 2701 scd
974 2656 1082 2699 haec
1112 2657 1215 2697 alias
1242 2655 1355 2697 mihi
1378 2670 1461 2697 ex-

140 2727 247 2764 Tam.
282 2727 398 2766 l'lll.
862 2747 864 2750 ·
1130 2725 1166 2766 ,Ε
