1734 2872
419 165 848 212 ALCIBIADESv
882 168 1266 217 SECUNDUS.
1442 184 1534 220 305

264 285 343 331 912.
401 288 626 333 concessi.

214 367 332 410 .·So.
390 365 486 408 Iam
525 378 636 408 vero
668 361 758 405 duo
801 363 1026 406 contraria
1070 367 1208 409 unius
1235 369 1311 425 qui
1346 375 1534 427 possunt

158 428 282 474 ease?
710 440 712 442 ’

263 507 340 550 Al.
399 509 535 552 Nullo
557 508 707 551 modo.

263 587 327 625 So.
385 584 695 643 Imprudentia
726 599 832 642 ergo
860 594 903 628 et
923 584 1095 628 insania
1119 585 1330 630 videntur
1351 589 1531 634 eaedem

154 661 262 694 esse.
1027 646 1029 649 ’

262 731 333 773 Al.
391 725 626 775 Videntur.
685 782 688 789 ι
1140 788 1142 790 V

260 809 328 848 So.
385 784 561 851 Omn‘esr
581 805 741 862 igitur,
776 799 1035 861 Alcibiade,
1070 802 1109 849 si
1130 800 1531 868 dicamusimpru-

150 868 302 917 dentes
328 873 550 925 insanire,
586 885 710 920 recte
737 874 960 929 dicamus3
999 874 1200 932 exempli
1231 890 1360 919 causa
1392 877 1533 935 siqui.

148 942 403 997 aequalium
441 951 627 984 tuorum
667 937 981 1000 imprudentes
1007 951 1135 995 sunt,
1176 941 1290 985 sicut
1319 952 1459 995 sunt,
1486 955 1531 989 et

150 1015 290 1051 aetate
309 1009 484 1066 longius
509 1018 843 1067 provectorum.
866 1024 987 1062 nam,
1006 1010 1076 1052 dic
1089 1010 1354 1067 perIovem,
1376 1026 1531 1054 nonne

147 1083 278 1132 putas
312 1091 476 1133 paucos
509 1076 559 1118 in
594 1075 892 1122 civitateesse
912 1076 1179 1134 prudentes,
1219 1077 1531 1136 imprudentes

148 1158 257 1187 vero
271 1144 537 1202 plerosque,
566 1159 676 1200 quos
696 1153 744 1187 tu
761 1135 1091 1188 insanos‘vocas
1103 1144 1124 1186 ?

256 1219 332 1261 Al.
389 1219 487 1275 Ego
506 1234 612 1261 sane
635 1229 764 1278 puto.

254 1289 324 1327 So.
382 1287 514 1329 Putas
545 1301 655 1329 vero
686 1286 878 1346 impune
909 1301 992 1328 nos
1021 1287 1142 1330 inter
1170 1293 1236 1331 tot
1252 1288 1432 1332 insanos
1452 1291 1530 1333 vi-⁸

145 1369 252 1396 vere
271 1354 468 1411 potuisse
481 1384 496 1405 ,
538 1361 582 1395 et
602 1367 692 1394 non
714 1367 863 1395 caesos
891 1361 935 1396 et
955 1353 1068 1397 ictos
1091 1355 1265 1413 aliaque
1287 1371 1527 1415 perpessos

146 1433 259 1478 quae
287 1423 433 1465 insani
465 1420 609 1463 solent
627 1419 857 1476 infligere,
898 1420 989 1464 iam
1012 1423 1181 1466 dudum
1201 1439 1368 1482 poenas
1389 1424 1530 1468 fuisse

145 1490 354 1532 daturos?
389 1498 432 1532 at
451 1488 575 1540 vide,
604 1487 670 1530 mi
689 1487 832 1542 bone,
859 1503 917 1530 ne
944 1489 1073 1532 aliter
1091 1505 1165 1532 res
1188 1505 1235 1532 se
1252 1490 1429 1534 habeat.

253 1558 328 1600 Al.
384 1554 626 1614 Quomodo
658 1571 768 1598 vero
798 1556 981 1600 tandem
1008 1572 1055 1599 se
1084 1557 1266 1610 habeat,
1303 1557 1525 1602 Socrate?

143 1625 323 1668 videtur
353 1625 474 1666 enim
508 1637 602 1664 non
634 1623 697 1670 sic
720 1638 768 1666 se
801 1624 993 1675 habere,
1034 1624 1416 1681 quemadmodum
1433 1643 1527 1686 put

145 1692 306 1736 tabam.

251 1763 320 1801 So.
375 1754 419 1801 N
422 1773 470 1800 ec
496 1757 612 1800 mihi
643 1755 835 1802 videtur.
878 1767 922 1802 at
943 1754 1005 1802 ita
1016 1758 1114 1802 fere
1134 1758 1525 1806 considerandum:

250 1827 325 1868 Al.
381 1825 625 1883 Quomodo
647 1826 790 1869 dicis?

253 1895 319 1934 So.
378 1893 474 1948 Ego
503 1893 585 1935 tibi
612 1893 702 1935 iam
736 1894 938 1936 dicturus
961 1909 1071 1937 sum.
1103 1894 1379 1940 arbitramur
1402 1908 1522 1940 non-⁴

144 1954 289 2002 nullos
311 1973 404 2000 esse
425 1964 726 2014 aegrotantes3
752 1959 939 2004 nonne?

254 2018 331 2068 Al.
389 2023 505 2066 Sane
532 2020 728 2079 quidem.

255 2087 325 2134 So.
381 2091 503 2133 Num
532 2085 670 2148 igitur
705 2089 881 2137 videtur
904 2094 984 2137 tibi
1009 2089 1307 2137 necessarium
1330 2109 1422 2137 esse
1443 2107 1522 2139 aed

142 2166 391 2216 grotantem
418 2157 617 2215 podagra
643 2158 719 2200 vel
749 2159 866 2202 febri
900 2162 972 2202 vel
992 2160 1262 2217 lippitudine
1285 2162 1522 2207 laborare?

143 2243 200 2269 an
232 2237 324 2268 non
357 2221 536 2268 videtur
569 2219 650 2269 tibi
677 2225 841 2271 horum
871 2227 996 2269 nulio
1017 2224 1310 2282 morborum,
1338 2230 1414 2271 sed
1433 2231 1520 2273 ah'o

143 2294 257 2337 affici
287 2290 448 2351 posse?
487 2288 617 2335 multi
650 2294 769 2336 enim
805 2295 901 2337 sine
925 2293 1060 2337 dubio
1085 2303 1212 2350 sunt,
1242 2311 1334 2338 non
1353 2291 1400 2339 hi
1419 2294 1519 2342 soli.

253 2354 330 2406 Al.
384 2359 503 2403 Mihi
526 2375 631 2403 sane
658 2361 884 2404 videntur.

257 2423 329 2471 So.
384 2427 625 2486 Lippitudo
647 2427 783 2485 igitur
804 2429 984 2486 quaevis
1008 2442 1066 2472 an
1092 2428 1172 2472 tibi
1190 2428 1368 2474 videtur
1387 2441 1514 2474 mor-

143 2492 226 2537 bus
251 2495 376 2536 esse?

253 2562 326 2607 Al.
383 2561 546 2604 Etiam.

254 2628 325 2669 So.
382 2628 505 2672 Num
525 2629 658 2673 etiam
680 2630 826 2688 quivis
852 2631 1037 2675 morbus
1057 2631 1319 2690 lippitudo?

200 2698 312 2735 Tom.
342 2699 386 2738 V
381 2699 455 2737 Ill.
1197 2698 1240 2739 U
