1696 2898
619 172 1035 232 CHARMIDEQ.
1401 176 1491 215 455

121 294 474 347 aedificationem
497 292 695 352 pertinet
712 257 1036 344 architectura,
1064 288 1158 333 non
1182 289 1491 366 temperantia,

119 374 165 408 et
185 364 253 408 ita*
273 361 453 415 omnia3
456 360 675 402 annon?
731 360 868 403 Patet.
926 359 1249 420 Temperantia
1271 373 1406 412 vero,
1431 357 1495 400 si-

119 426 300 488 quidem
324 423 610 472 scientiarum
630 425 946 469 tantummodo
961 426 1146 469 scientia
1165 433 1244 476 est,
1276 424 1495 488 quomodo

117 503 351 554 cognoscet
384 509 430 536 se
462 508 619 535 san-um
640 492 891 550 intel-ligere
915 493 986 534 vel
1005 493 1052 535 id
1075 494 1192 549 quod
1214 494 1269 536 ad
1289 492 1497 536 aedificata

106 565 284 608 *tionem
305 561 534 621 pertinet?
570 560 707 603 Nullo
729 560 875 602 modo.
915 561 1019 603 Non
1042 572 1150 618 ergo
1170 561 1279 604 sciet
1305 560 1355 602 id‘
1373 559 1496 616 quod

116 631 255 674 scitis
276 630 354 686 qui
376 628 463 673 hoc
483 628 690 689 ignorat,
719 627 796 670 sed
819 627 905 670 hoc
921 636 1097 680 tantum
1121 642 1169 670 se
1190 627 1316 670 scire.
1348 627 1494 670 Vide..

115 708 205 744 tur.
261 697 385 754 Ergo
406 710 502 739 non
528 702 857 752 temperantem
878 709 973 737 esse
995 695 1083 737 hoc
1103 695 1189 737 erit
1212 709 1295 736 nec
1316 693 1493 752 tempe-

114 765 288 820 mutia,
314 763 430 808 scire
457 777 571 820 quae
599 762 709 805 sciat
733 770 778 804 et
797 777 909 819 quae
936 763 1126 814 nesciat,
1155 762 1258 814 sed,
1285 769 1335 804 ut
1355 770 1494 819 patet,

113 831 425 876 tantummodo
445 841 493 874 se
511 829 627 873 scire
645 838 691 872 et
712 829 897 885 nescire.
940 830 1008 875 Ita
1028 822 1123 871 fere
1143 844 1189 871 se
1212 828 1360 872 habet.
1397 829 1493 872 Nee

114 901 255 943 alium
274 899 445 957 igitur·
457 897 627 957 poterit
656 895 731 943 hie
754 899 995 956 explorare
1014 897 1234 941 dicentem
1256 911 1302 939 se
1323 896 1492 954 aliquid

114 968 230 1010 scire
240 979 258 1020 ,·
289 975 448 1010 utrum
477 965 589 1008 sciat-
607 966 730 1022 quod
745 964 1010 1024 profiteatur
1030 978 1077 1007 se
1095 963 1211 1006 scire
1229 979 1285 1008 an
1305 965 1488 1018 nesciat,

114 1035 192 1076 sed
219 1033 304 1076 hoc
334 1042 542 1086 tantum„
575 1041 628 1076 ut
650 1034 817 1090 liquet,
858 1041 1095 1092 cognoscet·
1122 1047 1224 1075 eum
1258 1033 1489 1077 scientiam

113 1101 312 1156 aliquam
331 1100 522 1154 habere,
562 1100 796 1143 cuiusnam
819 1117 927 1143 vero
948 1101 1040 1154 rei,
1069 1100 1363 1159 temperantia
1383 1111 1490 1144 eum
1529 1097 1548 1156 Ἰ

112 1182 206 1209 non
230 1168 416 1212 docebit.
445 1165 448 1167 ⁵
473 1168 577 1212 Non
605 1167 800 1212 videtur.
858 1169 1017 1225 Neque
1042 1167 1184 1224 igitur
1205 1182 1311 1211 eum
1329 1168 1406 1225 qui
1426 1167 1492 1209 si-·

111 1236 254 1277 mulat
284 1249 332 1276 se
358 1234 587 1277 medicum
617 1245 734 1288 esse,
786 1245 933 1291 qutun-
961 1250 1054 1277 nen
1090 1235 1173 1285 sit,
1210 1243 1258 1278 et:
1281 1249 1384 1276 eum
1412 1235 1493 1290 qui

50 1330 53 1333 -
110 1317 219 1345 vere
252 1309 316 1345 est
347 1302 514 1358 poterit
547 1303 827 1352 discernere,
853 1317 1002 1359 neque
1024 1298 1163 1345 alium
1185 1317 1318 1359 quem
1341 1301 1488 1343 scien-

110 1378 201 1411 tem
224 1367 279 1410 ab
297 1368 525 1412 insciente.
555 1369 890 1411 consideremus
913 1384 1023 1412 vero
1033 1377 1093 1412 ex
1105 1370 1188 1414 his.
1218 1371 1255 1412 si
1266 1369 1488 1412 volt-tem-

109 1449 280 1493 perans·
295 1436 367 1478 vel
383 1436 537 1492 quivis
560 1436 673 1478 alius
693 1434 916 1479 medicum
938 1438 1015 1493 qui
1035 1452 1142 1480 vere
1159 1446 1224 1479 est
1234 1437 1487 1478 discernere

112 1502 167 1544 ab
188 1517 240 1544 eo
263 1502 339 1557 qui
365 1517 458 1545 non
476 1512 562 1556 est,
585 1517 738 1545 nonne
759 1503 821 1544 ita
839 1502 1008 1547 faciet?-
1036 1504 1092 1546 de
1111 1503 1334 1548 medicina
1356 1504 1487 1545 vide-

101 1570 215 1612 'licet
241 1584 346 1612 cum
381 1585 435 1611 eo
464 1585 559 1612 non
581 1570 794 1620 disseret3
832 1570 946 1612 nihil
968 1571 1115 1622 enim,
1146 1579 1199 1612 ut
1213 1571 1489 1619 dicebamur&

109 1638 309 1680 medicus
337 1635 571 1692 intelligit,
603 1634 692 1676 nisi
717 1634 948 1677 sanitatem
969 1646 1012 1678 et
1034 1637 1274 1690 morbum;
1304 1637 1484 1678 annon?

111 1705 248 1755 Vero,
274 1703 350 1745 ita.
407 1703 477 1744 De
498 1701 682 1744 scientia
703 1711 851 1745 autem
877 1703 988 1744 nihil
1008 1704 1150 1756 novit,
1179 1703 1253 1745 sed
1275 1702 1361 1745 hoc
1381 1716 1487 1744 sane

43 1774 49 1797 T
108 1770 432 1828 temperantiae
454 1769 536 1817 soli
555 1768 812 1811 tribuimus.
867 1769 1030 1813 Etiam.
1086 1771 1244 1827 Neque
1262 1770 1316 1812 de
1338 1770 1487 1811 medin-

110 1837 211 1878 eiua
230 1836 366 1892 igitur
386 1835 583 1878 medicus
607 1835 840 1892 quisquam
865 1837 1006 1889 novit,
1032 1838 1250 1897 siquidem
1267 1837 1485 1879 medicina

111 1904 294 1947 scientia
316 1912 395 1945 est·
454 1903 586 1946 Vera.
645 1903 788 1959 Igitur
809 1902 901 1944 hoc·
917 1903 1095 1959 quidem
1121 1911 1356 1962 cognoscet
1370 1912 1483 1945 tem-

111 1986 287 2029 perans,
315 1969 538 2013 medicum
559 1969 789 2011 scientiam
811 1970 1003 2026 aliquam
1014 1970 1203 2024 habere3
1231 1972 1390 2013 sivero
1400 1986 1485 2012 ex-

110 2039 251 2096 periri
274 2053 376 2080 eum
399 2044 576 2093 oporiet
595 2051 810 2093 quaenam
830 2038 899 2088 sit,
918 2051 1070 2078 norme
1090 2044 1272 2093 quaeret
1292 2052 1484 2095 quarum

110 2121 265 2148 rerum
290 2105 475 2147 scientia
503 2104 593 2146 sit?
646 2118 794 2144 annon
833 2103 895 2144 ita
938 2103 1221 2146 definivimus
1260 2119 1484 2161 quamque

109 2172 337 2214 scientiam
361 2180 522 2214 utnon
547 2171 695 2212 solum
717 2170 904 2212 scientia
920 2179 1045 2221 esset,
1074 2182 1230 2213 verum
1255 2174 1385 2214 ctiam
1400 2173 1483 2214 ali-

56 2246 74 2252 ''
110 2254 196 2295 qua
217 2249 457 2296 propterea
478 2238 594 2294 quod
615 2238 661 2280 in
682 2236 813 2279 rebus
839 2237 1063 2293 aliquibus
1082 2240 1376 2281 versaret-ur?
1416 2239 1484 2280 Ita

111 2320 230 2348 sane.
261 2306 409 2362 Atque
431 2305 697 2349 medicinam
722 2305 785 2346 ita
805 2303 1086 2347 definivimus
1100 2315 1146 2348 ut
1158 2306 1376 2348 diversam
1391 2319 1484 2346 esse

111 2372 361 2416 diceremus
392 2387 418 2413 a
449 2373 607 2415 ceteris
632 2372 852 2418 scientiis,
881 2381 1121 2429 propterea
1147 2373 1264 2428 qnod
1289 2373 1484 2414 sanitatis

111 2452 162 2480 ac
187 2439 334 2480 morbi
367 2440 551 2483 scientia
580 2448 704 2482 esset.
761 2439 921 2481 Etiam.
981 2431 1303 2482 N01u1ei11‘liis
1322 2439 1483 2496 explo-

111 2519 214 2547 rare
243 2514 442 2561 oportet,
482 2522 584 2548 eum
615 2505 692 2563 qui
721 2505 917 2548 voluerit
938 2506 1204 2548 medicinam
1231 2509 1483 2564 explorare,

109 2572 156 2613 in
196 2570 356 2626 quibus
380 2575 613 2615 versatur?
654 2587 799 2627 neque
821 2572 941 2616 enim
961 2573 1009 2614 in
1030 2573 1162 2615 rebus
1186 2575 1383 2618 extemis
1398 2605 1408 2625 ,
1439 2574 1487 2615 iu

112 2637 273 2695 quibus
294 2653 382 2680 non
406 2647 621 2682 ver-satur.
683 2639 874 2682 Minime
894 2654 1014 2684 vero.
1075 2641 1127 2684 In
1148 2642 1331 2683 sanitate
1352 2641 1487 2699 igitur
