1734 2872
344 108 357 117 .
378 147 466 187 nr.
490 113 1216 194 zLUCRroUPiDI'rArE.
1388 155 1479 192 351

109 281 203 310 esse
227 263 534 310 Harmodium>
556 269 600 305 et
624 263 978 320 Aristogitonem
1002 270 1227 320 tamquam
1239 263 1485 322 sapientes,

112 334 270 377 deinde
301 347 411 375 vero
451 345 584 383 eum,
634 344 776 387 quum
815 326 1076 387 Hipparcho
1114 328 1344 385 uteretur,
1385 333 1489 396 illos

107 399 360 459 despexisse
370 395 391 453 3⁴
405 413 490 455 qua
513 396 692 453 quidem
711 395 964 454 indignatos
984 395 1084 440 illos
1105 398 1353 454 ignominia
1371 400 1488 460 Hip-

104 466 326 527 parchum
344 464 632 527 interfecisse.

214 536 318 577 Am.
379 532 559 576 Videris
589 540 764 583 autem,
794 529 1002 584 Socrate,
1036 539 1113 574 aut
1141 548 1215 574 me
1246 550 1338 577 non
1370 538 1488 580 ami-

107 617 210 644 cum
235 601 518 653 existimare,
547 607 646 650 aut,
677 598 715 640 si
749 598 980 640 existimas
1000 599 1217 652 amicum,
1243 615 1336 644 non
1359 603 1490 646 obse-

106 670 185 727 qui
214 668 499 727 Hipparchog.
536 667 663 710 nullo
693 666 816 708 enim
843 664 977 708 modo
1006 668 1487 726 persuaderi-possum,

104 745 150 780 te
182 726 275 780 nori
309 735 519 793 decipere
540 749 639 788 me,
667 733 817 775 nescio
842 735 1100 791 quomodo,
1119 737 1166 779 in
1189 738 1487 785 sermonibus.

218 816 291 859 So.
347 815 495 872 Atque
530 813 664 857 etiam
692 820 920 869 tamquam
952 813 1187 856 duodecim
1217 817 1392 874 scriptis
1411 820 1489 862 lu-

108 883 215 925 dens
227 884 330 926 volo
348 882 429 925 tibi
447 882 496 925 in
518 880 803 925 sermonibus
820 880 1007 923 reddere
1029 897 1078 924 ac
1099 881 1330 926 remittere
1352 886 1485 942 quid-

108 951 177 992 vis
197 950 435 1000 dictorum,
460 957 511 991 ut
530 963 587 990 ne
610 948 798 1004 opinere
818 956 860 990 te
882 948 1043 1006 decipi.
1070 957 1222 992 utrum
1245 951 1382 1007 igitur
1401 954 1488 996 hoc

107 1018 189 1060 tibi
208 1017 460 1069 remittam,
486 1015 601 1058 bona
621 1030 776 1057 omnes
795 1016 1110 1074 concupiscere
1136 1016 1375 1062 homines?
1467 1024 1469 1026 ’

215 1105 322 1148 Am.
376 1104 670 1161 Nequaquam
693 1103 824 1148 mihi.

217 1193 290 1241 So.
348 1191 423 1235 An
442 1191 543 1243 hoc,
574 1191 789 1236 damnum
809 1189 959 1235 facere
980 1207 1031 1236 ac
1050 1192 1367 1240 detrimentum
1386 1211 1486 1249 esse

106 1260 275 1306 malum
290 1260 312 1302 ’ἰ

214 1349 320 1392 Am.
375 1347 668 1405 Nequaquam
689 1346 817 1390 mihi.

143 1457 148 1461 ·
214 1437 286 1480 So·
343 1434 442 1487 An,
483 1434 753 1478 detrimento
799 1445 844 1480 et
888 1434 1052 1481 damno
1082 1440 1359 1485 contrarium
1391 1456 1484 1486 esse

102 1505 282 1548 lucrum
309 1512 354 1548 et
379 1504 557 1546 lucrum
577 1501 757 1546 facere?

153 1626 165 1630 -
213 1591 322 1635 Am.
377 1579 474 1635 Neo
494 1588 595 1634 hoc.

216 1680 290 1724 So.
343 1679 405 1723 At
430 1681 610 1724 lucrum
636 1677 811 1731 facere,
839 1679 1010 1739 quippe
1038 1683 1148 1735 mali
1187 1686 1483 1742 contrarium,

106 1747 275 1794 bonum
298 1749 427 1792 esse?

216 1833 321 1878 Am.
377 1831 473 1879 Hoc
497 1844 640 1881 totum
662 1851 945 1895 nequaquam
963 1838 1078 1882 mihi
1098 1840 1292 1886 remitte.

217 1923 291 1967 So.
346 1922 540 1969 Videtur
570 1939 676 1982 ergo
696 1926 802 1977 tibi,
841 1935 891 1970 ut
910 1935 1057 1984 patet,
1092 1929 1272 1974 lucrum
1303 1931 1484 1990 aliquod

105 1990 277 2032 bonum
296 2004 412 2044 esse,
439 1991 618 2048 aliquod
635 1994 819 2038 malum.

214 2077 323 2121 Am.
379 2076 497 2122 Mihi
518 2092 637 2126 sane.

217 2164 290 2207 So.
347 2165 444 2209 Hoc
462 2166 600 2225 igitur
625 2169 706 2213 tibi
739 2169 925 2214 remitto
953 2178 996 2214 et
1029 2172 1220 2215 concedo
1241 2181 1290 2215 ut
1313 2191 1479 2233 ponas:

37 2230 40 2234 ’
107 2239 200 2274 esto
223 2231 432 2277 videlicet
450 2235 628 2280 lucrum
648 2237 826 2295 aliquod
850 2239 1018 2282 bonum
1034 2248 1078 2282 et.
1091 2242 1281 2284 alterum
1302 2244 1478 2288 lucrum

104 2298 301 2353 malum,
338 2300 518 2346 lucrum
549 2313 700 2349 tamen
730 2321 823 2349 non
846 2307 987 2364 magis
1018 2315 1083 2351 est
1113 2308 1280 2352 bonum
1301 2312 1476 2358 lucrum

105 2379 238 2420 quam
258 2368 457 2424 malum3
481 2373 663 2415 annon?

212 2454 319 2497 Am.
374 2456 617 2515 Quomodo
636 2475 708 2503 me
728 2461 1010 2519 interrogas?

213 2542 286 2584 So.
344 2543 440 2602 Ego
463 2546 606 2592 dicam
626 2539 750 2592 dibus
772 2558 837 2594 est
855 2550 997 2595 bonus
1021 2560 1064 2595 et
1085 2555 1238 2601 malus.

210 2630 314 2672 Am.
374 2633 508 2676 Vero.
