<?xml version="1.0" encoding="UTF-8"?>
<!DOCTYPE html PUBLIC "-//W3C//DTD XHTML 1.0 Transitional//EN"
    "http://www.w3.org/TR/xhtml1/DTD/xhtml1-transitional.dtd">
<html xmlns="http://www.w3.org/1999/xhtml" xml:lang="en" lang="en">
 <head>
  <title>
</title>
<meta http-equiv="Content-Type" content="text/html;charset=utf-8" />
  <meta name='ocr-system' content='tesseract 3.04.00' />
  <meta name='ocr-capabilities' content='ocr_page ocr_carea ocr_par ocr_line ocrx_word'/>
</head>
<body>
  <div class='ocr_page' id='page_1' title='image "./quaeexstantopera08platuoft_0429.png"; bbox 0 0 1696 2898; ppageno 0'>
   <div class='ocr_carea' id='block_1_1' title="bbox 604 154 1502 200">
    <p class='ocr_par' dir='ltr' id='par_1_1' title="bbox 604 154 1502 200">
     <span class='ocr_line' id='line_1_1' title="bbox 604 154 1502 200; baseline 0.004 -5"><span class='ocrx_word' id='word_1_1' title='bbox 604 154 1039 196; x_wconf 86' lang='lat' dir='ltr'><strong>CHARMIDES.</strong></span> <span class='ocrx_word' id='word_1_2' title='bbox 1413 160 1502 200; x_wconf 79' lang='lat'>421</span> 
     </span>
    </p>
   </div>
   <div class='ocr_carea' id='block_1_2' title="bbox 123 270 1505 934">
    <p class='ocr_par' dir='ltr' id='par_1_2' title="bbox 123 270 1505 934">
     <span class='ocr_line' id='line_1_2' title="bbox 133 270 1505 330; baseline 0.002 -17"><span class='ocrx_word' id='word_1_3' title='bbox 133 270 243 313; x_wconf 84' lang='lat' dir='ltr'>ebro</span> <span class='ocrx_word' id='word_1_4' title='bbox 276 270 474 327; x_wconf 84' lang='lat' dir='ltr'>loquens</span> <span class='ocrx_word' id='word_1_5' title='bbox 510 272 682 330; x_wconf 87' lang='lat' dir='ltr'>puero,</span> <span class='ocrx_word' id='word_1_6' title='bbox 728 273 863 315; x_wconf 85' lang='lat' dir='ltr'>alium</span> <span class='ocrx_word' id='word_1_7' title='bbox 897 287 1008 316; x_wconf 86' lang='lat' dir='ltr'>vero</span> <span class='ocrx_word' id='word_1_8' title='bbox 1039 271 1308 325; x_wconf 81' lang='lat' dir='ltr'>admonens‚&#39;</span> <span class='ocrx_word' id='word_1_9' title='bbox 1341 287 1505 316; x_wconf 82' lang='lat' dir='ltr'>caven-</span> 
     </span>
     <span class='ocr_line' id='line_1_3' title="bbox 131 334 1502 396; baseline 0.001 -15"><span class='ocrx_word' id='word_1_10' title='bbox 131 339 239 381; x_wconf 88' lang='lat' dir='ltr'>dum</span> <span class='ocrx_word' id='word_1_11' title='bbox 266 336 354 394; x_wconf 89' lang='lat' dir='ltr'>ipsi</span> <span class='ocrx_word' id='word_1_12' title='bbox 378 353 470 380; x_wconf 92' lang='lat' dir='ltr'>esse</span> <span class='ocrx_word' id='word_1_13' title='bbox 488 353 547 381; x_wconf 88' lang='lat' dir='ltr'>ne</span> <span class='ocrx_word' id='word_1_14' title='bbox 566 338 805 385; x_wconf 80' lang='lat' dir='ltr'>hina-uleus</span> <span class='ocrx_word' id='word_1_15' title='bbox 827 339 1046 381; x_wconf 80' lang='lat' dir='ltr'>adversus-</span> <span class='ocrx_word' id='word_1_16' title='bbox 1062 339 1241 382; x_wconf 84' lang='lat' dir='ltr'>leone&#39;m</span> <span class='ocrx_word' id='word_1_17' title='bbox 1255 334 1502 396; x_wconf 81' lang='lat' dir='ltr'>procedens</span> 
     </span>
     <span class='ocr_line' id='line_1_4' title="bbox 129 404 1500 462; baseline 0.004 -17"><span class='ocrx_word' id='word_1_18' title='bbox 129 411 302 461; x_wconf 81' lang='lat' dir='ltr'>partem</span> <span class='ocrx_word' id='word_1_19' title='bbox 338 413 535 449; x_wconf 76' lang='lat' dir='ltr'>sumeret</span> <span class='ocrx_word' id='word_1_20' title='bbox 567 406 796 460; x_wconf 82' lang='lat' dir='ltr'>carnium3</span> <span class='ocrx_word' id='word_1_21' title='bbox 831 406 929 462; x_wconf 88' lang='lat' dir='ltr'>ipse</span> <span class='ocrx_word' id='word_1_22' title='bbox 963 407 1086 449; x_wconf 90' lang='lat' dir='ltr'>enim</span> <span class='ocrx_word' id='word_1_23' title='bbox 1105 407 1219 450; x_wconf 83' lang='lat' dir='ltr'>mihi</span> <span class='ocrx_word' id='word_1_24' title='bbox 1239 404 1425 449; x_wconf 75' lang='lat' dir='ltr'>videbar</span> <span class='ocrx_word' id='word_1_25' title='bbox 1445 408 1500 450; x_wconf 82' lang='lat' dir='ltr'>ab</span> 
     </span>
     <span class='ocr_line' id='line_1_5' title="bbox 126 468 1501 530; baseline 0.002 -16"><span class='ocrx_word' id='word_1_26' title='bbox 126 471 386 514; x_wconf 81' lang='lat' dir='ltr'>huiusmodi</span> <span class='ocrx_word' id='word_1_27' title='bbox 408 471 600 515; x_wconf 84' lang='lat' dir='ltr'>animale</span> <span class='ocrx_word' id='word_1_28' title='bbox 621 483 776 530; x_wconf 87' lang='lat' dir='ltr'>captus</span> <span class='ocrx_word' id='word_1_29' title='bbox 795 488 902 515; x_wconf 88' lang='lat' dir='ltr'>esse.</span> <span class='ocrx_word' id='word_1_30' title='bbox 929 481 1122 516; x_wconf 87' lang='lat' dir='ltr'>attamen</span> <span class='ocrx_word' id='word_1_31' title='bbox 1146 488 1283 529; x_wconf 91' lang='lat' dir='ltr'>quum</span> <span class='ocrx_word' id='word_1_32' title='bbox 1307 468 1501 530; x_wconf 46' lang='lat' dir='ltr'>rogaffiset</span> 
     </span>
     <span class='ocr_line' id='line_1_6' title="bbox 129 539 1502 598; baseline 0.001 -17"><span class='ocrx_word' id='word_1_33' title='bbox 129 554 185 581; x_wconf 88' lang='lat' dir='ltr'>an</span> <span class='ocrx_word' id='word_1_34' title='bbox 205 540 367 582; x_wconf 90' lang='lat' dir='ltr'>scirem</span> <span class='ocrx_word' id='word_1_35' title='bbox 390 539 639 583; x_wconf 86' lang='lat' dir='ltr'>remedium</span> <span class='ocrx_word' id='word_1_36' title='bbox 662 542 715 583; x_wconf 86' lang='lat' dir='ltr'>ad</span> <span class='ocrx_word' id='word_1_37' title='bbox 740 540 896 598; x_wconf 84' lang='lat' dir='ltr'>capitis</span> <span class='ocrx_word' id='word_1_38' title='bbox 918 539 1194 597; x_wconf 79' lang='lat' dir='ltr'>gravitatem,</span> <span class='ocrx_word' id='word_1_39' title='bbox 1221 541 1302 583; x_wconf 86' lang='lat' dir='ltr'>vix</span> <span class='ocrx_word' id='word_1_40' title='bbox 1323 541 1502 584; x_wconf 75' lang='lat' dir='ltr'>tandem</span> 
     </span>
     <span class='ocr_line' id='line_1_7' title="bbox 129 607 1501 666; baseline 0.002 -18"><span class='ocrx_word' id='word_1_41' title='bbox 129 607 346 664; x_wconf 85' lang='lat' dir='ltr'><strong>respondi</strong></span> <span class='ocrx_word' id='word_1_42' title='bbox 374 621 447 650; x_wconf 87' lang='lat' dir='ltr'>me</span> <span class='ocrx_word' id='word_1_43' title='bbox 474 607 601 650; x_wconf 83' lang='lat' dir='ltr'>scire.</span> <span class='ocrx_word' id='word_1_44' title='bbox 660 607 899 666; x_wconf 82' lang='lat' dir='ltr'>Quodnam</span> <span class='ocrx_word' id='word_1_45' title='bbox 926 607 1022 649; x_wconf 82' lang='lat' dir='ltr'>est?</span> <span class='ocrx_word' id='word_1_46' title='bbox 1048 607 1210 663; x_wconf 82' lang='lat' dir='ltr'>inquit.</span> <span class='ocrx_word' id='word_1_47' title='bbox 1269 608 1391 650; x_wconf 86' lang='lat' dir='ltr'>Tum</span> <span class='ocrx_word' id='word_1_48' title='bbox 1418 624 1501 666; x_wconf 82' lang='lat' dir='ltr'>ego</span> 
     </span>
     <span class='ocr_line' id='line_1_8' title="bbox 127 673 1499 732; baseline 0.002 -17"><span class='ocrx_word' id='word_1_49' title='bbox 127 674 225 716; x_wconf 86' lang='lat' dir='ltr'>dixi</span> <span class='ocrx_word' id='word_1_50' title='bbox 261 689 353 716; x_wconf 88' lang='lat' dir='ltr'>esse</span> <span class='ocrx_word' id='word_1_51' title='bbox 382 673 823 732; x_wconf 74' lang='lat' dir='ltr'>folium-quoddam,</span> <span class='ocrx_word' id='word_1_52' title='bbox 867 674 1116 717; x_wconf 84' lang='lat' dir='ltr'>cantionem</span> <span class='ocrx_word' id='word_1_53' title='bbox 1149 689 1264 716; x_wconf 82' lang='lat' dir='ltr'>vero</span> <span class='ocrx_word' id='word_1_54' title='bbox 1295 674 1499 718; x_wconf 85' lang='lat' dir='ltr'>adhiberi</span> 
     </span>
     <span class='ocr_line' id='line_1_9' title="bbox 127 739 1498 799; baseline 0.001 -17"><span class='ocrx_word' id='word_1_55' title='bbox 127 748 338 798; x_wconf 80' lang='lat' dir='ltr'>oportere</span> <span class='ocrx_word' id='word_1_56' title='bbox 370 755 503 796; x_wconf 79' lang='lat' dir='ltr'>quam</span> <span class='ocrx_word' id='word_1_57' title='bbox 537 741 575 783; x_wconf 86' lang='lat' dir='ltr'>si</span> <span class='ocrx_word' id='word_1_58' title='bbox 597 742 695 799; x_wconf 88' lang='lat' dir='ltr'>quis</span> <span class='ocrx_word' id='word_1_59' title='bbox 716 742 946 784; x_wconf 83' lang='lat' dir='ltr'>adhiberet</span> <span class='ocrx_word' id='word_1_60' title='bbox 965 741 1189 798; x_wconf 91' lang='lat' dir='ltr'>simulque</span> <span class='ocrx_word' id='word_1_61' title='bbox 1209 739 1322 783; x_wconf 86' lang='lat' dir='ltr'>folio</span> <span class='ocrx_word' id='word_1_62' title='bbox 1342 751 1498 785; x_wconf 79' lang='lat' dir='ltr'>utere-</span> 
     </span>
     <span class='ocr_line' id='line_1_10' title="bbox 123 808 1496 866; baseline 0.001 -16"><span class='ocrx_word' id='word_1_63' title='bbox 123 816 198 850; x_wconf 84' lang='lat' dir='ltr'>tur</span> <span class='ocrx_word' id='word_1_64' title='bbox 213 838 224 857; x_wconf 92' lang='lat'>‚</span> <span class='ocrx_word' id='word_1_65' title='bbox 264 822 450 866; x_wconf 83' lang='lat' dir='ltr'>prorsus</span> <span class='ocrx_word' id='word_1_66' title='bbox 481 822 637 852; x_wconf 86' lang='lat' dir='ltr'>sanum</span> <span class='ocrx_word' id='word_1_67' title='bbox 665 809 839 852; x_wconf 87' lang='lat' dir='ltr'>efficere</span> <span class='ocrx_word' id='word_1_68' title='bbox 859 809 1109 851; x_wconf 86' lang='lat' dir='ltr'>remedium</span> <span class='ocrx_word' id='word_1_69' title='bbox 1124 840 1136 861; x_wconf 90' lang='lat'><strong><em>‚</em></strong></span> <span class='ocrx_word' id='word_1_70' title='bbox 1174 808 1270 850; x_wconf 90' lang='lat' dir='ltr'>sine</span> <span class='ocrx_word' id='word_1_71' title='bbox 1290 811 1496 852; x_wconf 83' lang='lat' dir='ltr'>cantione</span> 
     </span>
     <span class='ocr_line' id='line_1_11' title="bbox 125 875 1497 934; baseline 0.001 -17"><span class='ocrx_word' id='word_1_72' title='bbox 125 883 275 918; x_wconf 82' lang='lat' dir='ltr'>autem</span> <span class='ocrx_word' id='word_1_73' title='bbox 303 875 368 917; x_wconf 87' lang='lat' dir='ltr'>nil</span> <span class='ocrx_word' id='word_1_74' title='bbox 394 875 602 932; x_wconf 79' lang='lat' dir='ltr'>prodesse</span> <span class='ocrx_word' id='word_1_75' title='bbox 622 876 798 919; x_wconf 79' lang='lat' dir='ltr'>folium.</span> <span class='ocrx_word' id='word_1_76' title='bbox 855 877 1003 931; x_wconf 86' lang='lat' dir='ltr'>Atque</span> <span class='ocrx_word' id='word_1_77' title='bbox 1027 876 1105 917; x_wconf 89' lang='lat' dir='ltr'>ille</span> <span class='ocrx_word' id='word_1_78' title='bbox 1127 876 1390 919; x_wconf 85' lang='lat' dir='ltr'>Describam</span> <span class='ocrx_word' id='word_1_79' title='bbox 1407 878 1497 934; x_wconf 84' lang='lat' dir='ltr'>igi-</span> 
     </span>
    </p>
   </div>
   <div class='ocr_carea' id='block_1_3' title="bbox 123 941 1497 998">
    <p class='ocr_par' dir='ltr' id='par_1_3' title="bbox 123 941 1497 998">
     <span class='ocr_line' id='line_1_12' title="bbox 123 941 1497 998; baseline 0.001 -14"><span class='ocrx_word' id='word_1_80' title='bbox 123 950 224 995; x_wconf 83' lang='lat' dir='ltr'>tur,</span> <span class='ocrx_word' id='word_1_81' title='bbox 247 941 418 998; x_wconf 88' lang='lat' dir='ltr'>inquit,</span> <span class='ocrx_word' id='word_1_82' title='bbox 445 957 472 984; x_wconf 90' lang='lat' dir='ltr'>a</span> <span class='ocrx_word' id='word_1_83' title='bbox 493 952 536 987; x_wconf 86' lang='lat' dir='ltr'>te</span> <span class='ocrx_word' id='word_1_84' title='bbox 559 944 822 986; x_wconf 86' lang='lat' dir='ltr'>cantionem.</span> <span class='ocrx_word' id='word_1_85' title='bbox 871 943 1054 994; x_wconf 81' lang='lat' dir='ltr'><strong>Utrum,</strong></span> <span class='ocrx_word' id='word_1_86' title='bbox 1082 942 1294 997; x_wconf 84' lang='lat' dir='ltr'>inquam,</span> <span class='ocrx_word' id='word_1_87' title='bbox 1324 944 1361 986; x_wconf 89' lang='lat' dir='ltr'>si</span> <span class='ocrx_word' id='word_1_88' title='bbox 1380 944 1497 986; x_wconf 84' lang='lat' dir='ltr'>mihi</span> 
     </span>
    </p>
   </div>
   <div class='ocr_carea' id='block_1_4' title="bbox 68 1007 1495 2401">
    <p class='ocr_par' dir='ltr' id='par_1_4' title="bbox 68 1007 1495 2401">
     <span class='ocr_line' id='line_1_13' title="bbox 124 1007 1494 1067; baseline 0 -15"><span class='ocrx_word' id='word_1_89' title='bbox 124 1009 421 1067; x_wconf 80' lang='lat' dir='ltr'>persuaseris,</span> <span class='ocrx_word' id='word_1_90' title='bbox 460 1025 518 1052; x_wconf 88' lang='lat' dir='ltr'>an</span> <span class='ocrx_word' id='word_1_91' title='bbox 549 1010 586 1052; x_wconf 83' lang='lat' dir='ltr'>si</span> <span class='ocrx_word' id='word_1_92' title='bbox 615 1010 743 1052; x_wconf 80' lang='lat' dir='ltr'>non?</span> <span class='ocrx_word' id='word_1_93' title='bbox 795 1008 960 1052; x_wconf 88' lang='lat' dir='ltr'>Ridens</span> <span class='ocrx_word' id='word_1_94' title='bbox 981 1018 1102 1059; x_wconf 86' lang='lat' dir='ltr'>tum,</span> <span class='ocrx_word' id='word_1_95' title='bbox 1130 1007 1178 1051; x_wconf 90' lang='lat' dir='ltr'>Si</span> <span class='ocrx_word' id='word_1_96' title='bbox 1199 1009 1281 1051; x_wconf 87' lang='lat' dir='ltr'>tibi</span> <span class='ocrx_word' id='word_1_97' title='bbox 1302 1025 1494 1067; x_wconf 87' lang='lat' dir='ltr'>persua-</span> 
     </span>
     <span class='ocr_line' id='line_1_14' title="bbox 123 1074 1495 1133; baseline 0 -14"><span class='ocrx_word' id='word_1_98' title='bbox 123 1093 251 1130; x_wconf 85' lang='lat' dir='ltr'>sero,</span> <span class='ocrx_word' id='word_1_99' title='bbox 285 1076 453 1133; x_wconf 88' lang='lat' dir='ltr'>inquit,</span> <span class='ocrx_word' id='word_1_100' title='bbox 489 1074 681 1119; x_wconf 83' lang='lat' dir='ltr'>Socrate.</span> <span class='ocrx_word' id='word_1_101' title='bbox 738 1077 888 1125; x_wconf 89' lang='lat' dir='ltr'>Itane,</span> <span class='ocrx_word' id='word_1_102' title='bbox 923 1075 1134 1133; x_wconf 85' lang='lat' dir='ltr'>inquam,</span> <span class='ocrx_word' id='word_1_103' title='bbox 1166 1077 1299 1133; x_wconf 89' lang='lat' dir='ltr'>plane</span> <span class='ocrx_word' id='word_1_104' title='bbox 1325 1091 1495 1119; x_wconf 85' lang='lat' dir='ltr'>nomen</span> 
     </span>
     <span class='ocr_line' id='line_1_15' title="bbox 120 1142 1492 1200; baseline -0.001 -14"><span class='ocrx_word' id='word_1_105' title='bbox 120 1159 276 1187; x_wconf 80' lang='lat' dir='ltr'>meum</span> <span class='ocrx_word' id='word_1_106' title='bbox 316 1143 541 1200; x_wconf 85' lang='lat' dir='ltr'>cognitum</span> <span class='ocrx_word' id='word_1_107' title='bbox 582 1143 750 1186; x_wconf 80' lang='lat' dir='ltr'>habes?</span> <span class='ocrx_word' id='word_1_108' title='bbox 807 1142 946 1199; x_wconf 87' lang='lat' dir='ltr'>quue</span> <span class='ocrx_word' id='word_1_109' title='bbox 982 1143 1149 1186; x_wconf 90' lang='lat' dir='ltr'>merito</span> <span class='ocrx_word' id='word_1_110' title='bbox 1172 1157 1222 1184; x_wconf 85' lang='lat' dir='ltr'>ac</span> <span class='ocrx_word' id='word_1_111' title='bbox 1251 1143 1377 1194; x_wconf 83' lang='lat' dir='ltr'>iure,</span> <span class='ocrx_word' id='word_1_112' title='bbox 1414 1143 1492 1185; x_wconf 88' lang='lat' dir='ltr'>in-</span> 
     </span>
     <span class='ocr_line' id='line_1_16' title="bbox 121 1209 1493 1267; baseline -0.001 -16"><span class='ocrx_word' id='word_1_113' title='bbox 121 1211 246 1266; x_wconf 84' lang='lat' dir='ltr'>quit3</span> <span class='ocrx_word' id='word_1_114' title='bbox 282 1209 447 1251; x_wconf 82' lang='lat' dir='ltr'>etenim</span> <span class='ocrx_word' id='word_1_115' title='bbox 473 1209 592 1251; x_wconf 85' lang='lat' dir='ltr'>haud</span> <span class='ocrx_word' id='word_1_116' title='bbox 613 1225 779 1267; x_wconf 86' lang='lat' dir='ltr'>parvus</span> <span class='ocrx_word' id='word_1_117' title='bbox 802 1210 856 1251; x_wconf 92' lang='lat' dir='ltr'>de</span> <span class='ocrx_word' id='word_1_118' title='bbox 877 1216 921 1250; x_wconf 86' lang='lat' dir='ltr'>te</span> <span class='ocrx_word' id='word_1_119' title='bbox 941 1211 1089 1253; x_wconf 83' lang='lat' dir='ltr'>sermo</span> <span class='ocrx_word' id='word_1_120' title='bbox 1108 1218 1172 1252; x_wconf 90' lang='lat' dir='ltr'>est</span> <span class='ocrx_word' id='word_1_121' title='bbox 1189 1209 1310 1251; x_wconf 79' lang='lat' dir='ltr'>inter</span> <span class='ocrx_word' id='word_1_122' title='bbox 1328 1224 1493 1265; x_wconf 81' lang='lat' dir='ltr'>aequa-</span> 
     </span>
     <span class='ocr_line' id='line_1_17' title="bbox 118 1272 1492 1332; baseline -0.001 -13"><span class='ocrx_word' id='word_1_123' title='bbox 118 1277 183 1319; x_wconf 93' lang='lat' dir='ltr'>les</span> <span class='ocrx_word' id='word_1_124' title='bbox 206 1283 407 1327; x_wconf 79' lang='lat' dir='ltr'>nostros,</span> <span class='ocrx_word' id='word_1_125' title='bbox 445 1284 487 1318; x_wconf 90' lang='lat' dir='ltr'>et</span> <span class='ocrx_word' id='word_1_126' title='bbox 515 1276 704 1318; x_wconf 82' lang='lat' dir='ltr'>memini</span> <span class='ocrx_word' id='word_1_127' title='bbox 725 1290 903 1332; x_wconf 87' lang='lat' dir='ltr'>quoque</span> <span class='ocrx_word' id='word_1_128' title='bbox 923 1291 1037 1332; x_wconf 87' lang='lat' dir='ltr'>puer</span> <span class='ocrx_word' id='word_1_129' title='bbox 1060 1285 1102 1318; x_wconf 86' lang='lat' dir='ltr'>te</span> <span class='ocrx_word' id='word_1_130' title='bbox 1123 1290 1224 1318; x_wconf 88' lang='lat' dir='ltr'>cum</span> <span class='ocrx_word' id='word_1_131' title='bbox 1249 1272 1389 1317; x_wconf 88' lang='lat' dir='ltr'>Critia</span> <span class='ocrx_word' id='word_1_132' title='bbox 1406 1275 1492 1318; x_wconf 85' lang='lat' dir='ltr'>hoc</span> 
     </span>
     <span class='ocr_line' id='line_1_18' title="bbox 119 1341 1490 1398; baseline -0.001 -12"><span class='ocrx_word' id='word_1_133' title='bbox 119 1351 341 1386; x_wconf 81' lang='lat' dir='ltr'>versatum</span> <span class='ocrx_word' id='word_1_134' title='bbox 374 1357 480 1384; x_wconf 90' lang='lat' dir='ltr'>esse.</span> <span class='ocrx_word' id='word_1_135' title='bbox 533 1344 655 1384; x_wconf 88' lang='lat' dir='ltr'>Bene</span> <span class='ocrx_word' id='word_1_136' title='bbox 690 1351 738 1384; x_wconf 81' lang='lat' dir='ltr'>tu</span> <span class='ocrx_word' id='word_1_137' title='bbox 767 1341 972 1398; x_wconf 72' lang='lat' dir='ltr'>quidem,</span> <span class='ocrx_word' id='word_1_138' title='bbox 1011 1342 1222 1398; x_wconf 81' lang='lat' dir='ltr'>inquam3</span> <span class='ocrx_word' id='word_1_139' title='bbox 1248 1356 1354 1384; x_wconf 87' lang='lat' dir='ltr'>nam</span> <span class='ocrx_word' id='word_1_140' title='bbox 1373 1342 1490 1384; x_wconf 89' lang='lat' dir='ltr'>libe-</span> 
     </span>
     <span class='ocr_line' id='line_1_19' title="bbox 118 1408 1488 1465; baseline 0 -13"><span class='ocrx_word' id='word_1_141' title='bbox 118 1410 215 1452; x_wconf 86' lang='lat' dir='ltr'>rius</span> <span class='ocrx_word' id='word_1_142' title='bbox 231 1409 312 1453; x_wconf 84' lang='lat' dir='ltr'>tibi</span> <span class='ocrx_word' id='word_1_143' title='bbox 337 1409 479 1451; x_wconf 86' lang='lat' dir='ltr'>dicam</span> <span class='ocrx_word' id='word_1_144' title='bbox 503 1410 645 1465; x_wconf 86' lang='lat' dir='ltr'>qualis</span> <span class='ocrx_word' id='word_1_145' title='bbox 667 1408 723 1451; x_wconf 83' lang='lat' dir='ltr'>sit</span> <span class='ocrx_word' id='word_1_146' title='bbox 744 1409 915 1460; x_wconf 77' lang='lat' dir='ltr'>cantio,</span> <span class='ocrx_word' id='word_1_147' title='bbox 944 1409 1076 1451; x_wconf 91' lang='lat' dir='ltr'>modo</span> <span class='ocrx_word' id='word_1_148' title='bbox 1094 1424 1203 1451; x_wconf 90' lang='lat' dir='ltr'>vero</span> <span class='ocrx_word' id='word_1_149' title='bbox 1230 1409 1488 1452; x_wconf 82' lang='lat' dir='ltr'>dubitabam</span> 
     </span>
     <span class='ocr_line' id='line_1_20' title="bbox 119 1471 1488 1534; baseline -0.001 -15"><span class='ocrx_word' id='word_1_150' title='bbox 119 1492 207 1534; x_wconf 85' lang='lat' dir='ltr'>quo</span> <span class='ocrx_word' id='word_1_151' title='bbox 221 1471 351 1534; x_wconf 75' lang='lat' dir='ltr'>pacto</span> <span class='ocrx_word' id='word_1_152' title='bbox 372 1476 452 1519; x_wconf 81' lang='lat' dir='ltr'>tibi</span> <span class='ocrx_word' id='word_1_153' title='bbox 475 1477 570 1518; x_wconf 85' lang='lat' dir='ltr'>eius</span> <span class='ocrx_word' id='word_1_154' title='bbox 592 1476 684 1519; x_wconf 85' lang='lat' dir='ltr'>vim</span> <span class='ocrx_word' id='word_1_155' title='bbox 703 1476 1068 1519; x_wconf 82' lang='lat' dir='ltr'>demonstrarem.</span> <span class='ocrx_word' id='word_1_156' title='bbox 1100 1477 1309 1527; x_wconf 85' lang='lat' dir='ltr'>estenim‚</span> <span class='ocrx_word' id='word_1_157' title='bbox 1342 1476 1488 1518; x_wconf 85' lang='lat' dir='ltr'>Char-</span> 
     </span>
     <span class='ocr_line' id='line_1_21' title="bbox 117 1543 1482 1600; baseline -0.002 -13"><span class='ocrx_word' id='word_1_158' title='bbox 117 1545 238 1588; x_wconf 82' lang='lat' dir='ltr'>mide</span> <span class='ocrx_word' id='word_1_159' title='bbox 251 1577 263 1598; x_wconf 94' lang='lat'><strong><em>,</em></strong></span> <span class='ocrx_word' id='word_1_160' title='bbox 291 1544 510 1586; x_wconf 80' lang='lat' dir='ltr'>eiusmodi</span> <span class='ocrx_word' id='word_1_161' title='bbox 531 1553 581 1588; x_wconf 90' lang='lat' dir='ltr'>ut</span> <span class='ocrx_word' id='word_1_162' title='bbox 599 1552 791 1600; x_wconf 84' lang='lat' dir='ltr'>nequeat</span> <span class='ocrx_word' id='word_1_163' title='bbox 808 1552 940 1600; x_wconf 85' lang='lat' dir='ltr'>caput</span> <span class='ocrx_word' id='word_1_164' title='bbox 953 1543 1098 1584; x_wconf 82' lang='lat' dir='ltr'>sol-um</span> <span class='ocrx_word' id='word_1_165' title='bbox 1109 1557 1267 1586; x_wconf 87' lang='lat' dir='ltr'>sanum</span> <span class='ocrx_word' id='word_1_166' title='bbox 1277 1543 1482 1590; x_wconf 75' lang='lat' dir='ltr'>reddere,</span> 
     </span>
     <span class='ocr_line' id='line_1_22' title="bbox 117 1609 1483 1665; baseline -0.001 -11"><span class='ocrx_word' id='word_1_167' title='bbox 117 1612 193 1654; x_wconf 87' lang='lat' dir='ltr'>sed</span> <span class='ocrx_word' id='word_1_168' title='bbox 208 1644 220 1664; x_wconf 90' lang='lat'>‚</span> <span class='ocrx_word' id='word_1_169' title='bbox 248 1611 363 1654; x_wconf 79' lang='lat' dir='ltr'>sicut</span> <span class='ocrx_word' id='word_1_170' title='bbox 381 1609 566 1651; x_wconf 83' lang='lat' dir='ltr'>fortasse</span> <span class='ocrx_word' id='word_1_171' title='bbox 587 1610 676 1652; x_wconf 86' lang='lat' dir='ltr'>iam</span> <span class='ocrx_word' id='word_1_172' title='bbox 698 1619 748 1652; x_wconf 84' lang='lat' dir='ltr'>tu</span> <span class='ocrx_word' id='word_1_173' title='bbox 766 1623 940 1665; x_wconf 88' lang='lat' dir='ltr'>quoque</span> <span class='ocrx_word' id='word_1_174' title='bbox 960 1609 1163 1652; x_wconf 80' lang='lat' dir='ltr'>audivisti</span> <span class='ocrx_word' id='word_1_175' title='bbox 1191 1625 1216 1651; x_wconf 86' lang='lat' dir='ltr'>a</span> <span class='ocrx_word' id='word_1_176' title='bbox 1237 1610 1483 1653; x_wconf 86' lang='lat' dir='ltr'>bonisme-</span> 
     </span>
     <span class='ocr_line' id='line_1_23' title="bbox 119 1675 1485 1734; baseline -0.001 -14"><span class='ocrx_word' id='word_1_177' title='bbox 119 1678 247 1728; x_wconf 81' lang='lat' dir='ltr'>dicis,</span> <span class='ocrx_word' id='word_1_178' title='bbox 270 1691 407 1734; x_wconf 91' lang='lat' dir='ltr'>quum</span> <span class='ocrx_word' id='word_1_179' title='bbox 430 1676 642 1728; x_wconf 80' lang='lat' dir='ltr'>dicerent,</span> <span class='ocrx_word' id='word_1_180' title='bbox 669 1677 709 1718; x_wconf 79' lang='lat' dir='ltr'>si</span> <span class='ocrx_word' id='word_1_181' title='bbox 733 1676 830 1732; x_wconf 87' lang='lat' dir='ltr'>quis</span> <span class='ocrx_word' id='word_1_182' title='bbox 854 1676 906 1716; x_wconf 87' lang='lat' dir='ltr'>ad</span> <span class='ocrx_word' id='word_1_183' title='bbox 930 1690 1004 1715; x_wconf 89' lang='lat' dir='ltr'>eos</span> <span class='ocrx_word' id='word_1_184' title='bbox 1028 1675 1276 1718; x_wconf 82' lang='lat' dir='ltr'>accessisset</span> <span class='ocrx_word' id='word_1_185' title='bbox 1295 1691 1355 1719; x_wconf 79' lang='lat' dir='ltr'>ex</span> <span class='ocrx_word' id='word_1_186' title='bbox 1374 1691 1485 1720; x_wconf 86' lang='lat' dir='ltr'>ocu-</span> 
     </span>
     <span class='ocr_line' id='line_1_24' title="bbox 68 1742 1484 1800; baseline -0.001 -13"><span class='ocrx_word' id='word_1_187' title='bbox 68 1763 70 1766; x_wconf 69' lang='grc'>’</span> <span class='ocrx_word' id='word_1_188' title='bbox 116 1745 173 1787; x_wconf 86' lang='lat' dir='ltr'>lis</span> <span class='ocrx_word' id='word_1_189' title='bbox 193 1744 422 1796; x_wconf 87' lang='lat' dir='ltr'>laborans,</span> <span class='ocrx_word' id='word_1_190' title='bbox 451 1757 544 1784; x_wconf 88' lang='lat' dir='ltr'>non</span> <span class='ocrx_word' id='word_1_191' title='bbox 563 1743 890 1800; x_wconf 81' lang='lat' dir='ltr'>suscipiendam</span> <span class='ocrx_word' id='word_1_192' title='bbox 911 1757 1002 1783; x_wconf 89' lang='lat' dir='ltr'>esse</span> <span class='ocrx_word' id='word_1_193' title='bbox 1022 1742 1254 1784; x_wconf 87' lang='lat' dir='ltr'>oculorum</span> <span class='ocrx_word' id='word_1_194' title='bbox 1280 1742 1484 1786; x_wconf 46' lang='lat' dir='ltr'>&gt;solorum</span> 
     </span>
     <span class='ocr_line' id='line_1_25' title="bbox 120 1808 1486 1866; baseline -0.001 -14"><span class='ocrx_word' id='word_1_195' title='bbox 120 1811 411 1860; x_wconf 84' lang='lat' dir='ltr'>curationem,</span> <span class='ocrx_word' id='word_1_196' title='bbox 441 1810 517 1862; x_wconf 79' lang='lat' dir='ltr'>sed</span> <span class='ocrx_word' id='word_1_197' title='bbox 538 1825 715 1852; x_wconf 81' lang='lat' dir='ltr'>necesse</span> <span class='ocrx_word' id='word_1_198' title='bbox 735 1825 828 1852; x_wconf 87' lang='lat' dir='ltr'>esse</span> <span class='ocrx_word' id='word_1_199' title='bbox 849 1809 983 1851; x_wconf 88' lang='lat' dir='ltr'>simul</span> <span class='ocrx_word' id='word_1_200' title='bbox 1007 1808 1138 1852; x_wconf 87' lang='lat' dir='ltr'>etiam</span> <span class='ocrx_word' id='word_1_201' title='bbox 1161 1817 1293 1866; x_wconf 86' lang='lat' dir='ltr'>caput</span> <span class='ocrx_word' id='word_1_202' title='bbox 1312 1817 1486 1863; x_wconf 60' lang='lat' dir='ltr'>sanare,⁴</span> 
     </span>
     <span class='ocr_line' id='line_1_26' title="bbox 118 1877 1484 1934; baseline 0 -16"><span class='ocrx_word' id='word_1_203' title='bbox 118 1877 155 1919; x_wconf 91' lang='lat' dir='ltr'>si</span> <span class='ocrx_word' id='word_1_204' title='bbox 176 1877 293 1920; x_wconf 82' lang='lat' dir='ltr'>oculi</span> <span class='ocrx_word' id='word_1_205' title='bbox 312 1885 432 1919; x_wconf 84' lang='lat' dir='ltr'>recte</span> <span class='ocrx_word' id='word_1_206' title='bbox 452 1892 498 1919; x_wconf 90' lang='lat' dir='ltr'>se</span> <span class='ocrx_word' id='word_1_207' title='bbox 523 1877 894 1929; x_wconf 81' lang='lat' dir='ltr'>essenthabituri3</span> <span class='ocrx_word' id='word_1_208' title='bbox 925 1886 1055 1934; x_wconf 79' lang='lat' dir='ltr'>atque</span> <span class='ocrx_word' id='word_1_209' title='bbox 1070 1877 1201 1919; x_wconf 87' lang='lat' dir='ltr'>etiam</span> <span class='ocrx_word' id='word_1_210' title='bbox 1216 1877 1484 1933; x_wconf 81' lang='lat' dir='ltr'>caputarbi-</span> 
     </span>
     <span class='ocr_line' id='line_1_27' title="bbox 117 1943 1481 2001; baseline -0.001 -15"><span class='ocrx_word' id='word_1_211' title='bbox 117 1943 230 1986; x_wconf 83' lang='lat' dir='ltr'>trari</span> <span class='ocrx_word' id='word_1_212' title='bbox 250 1958 461 1998; x_wconf 86' lang='lat' dir='ltr'>umquam</span> <span class='ocrx_word' id='word_1_213' title='bbox 483 1944 627 1985; x_wconf 83' lang='lat' dir='ltr'>sana-ri</span> <span class='ocrx_word' id='word_1_214' title='bbox 654 1959 782 2000; x_wconf 88' lang='lat' dir='ltr'>posse</span> <span class='ocrx_word' id='word_1_215' title='bbox 802 1945 946 1987; x_wconf 89' lang='lat' dir='ltr'>solum</span> <span class='ocrx_word' id='word_1_216' title='bbox 972 1959 1055 2001; x_wconf 87' lang='lat' dir='ltr'>per</span> <span class='ocrx_word' id='word_1_217' title='bbox 1076 1958 1122 1986; x_wconf 89' lang='lat' dir='ltr'>se</span> <span class='ocrx_word' id='word_1_218' title='bbox 1144 1944 1238 1985; x_wconf 88' lang='lat' dir='ltr'>sine</span> <span class='ocrx_word' id='word_1_219' title='bbox 1255 1950 1351 1984; x_wconf 84' lang='lat' dir='ltr'>toto</span> <span class='ocrx_word' id='word_1_220' title='bbox 1377 1959 1481 1985; x_wconf 89' lang='lat' dir='ltr'>cor-</span> 
     </span>
     <span class='ocr_line' id='line_1_28' title="bbox 117 2009 1482 2068; baseline 0 -16"><span class='ocrx_word' id='word_1_221' title='bbox 117 2025 254 2068; x_wconf 83' lang='lat' dir='ltr'>pore,</span> <span class='ocrx_word' id='word_1_222' title='bbox 291 2024 475 2066; x_wconf 83' lang='lat' dir='ltr'>magnae</span> <span class='ocrx_word' id='word_1_223' title='bbox 505 2025 598 2052; x_wconf 91' lang='lat' dir='ltr'>esse</span> <span class='ocrx_word' id='word_1_224' title='bbox 632 2010 889 2053; x_wconf 81' lang='lat' dir='ltr'>dementiae.</span> <span class='ocrx_word' id='word_1_225' title='bbox 938 2018 1070 2066; x_wconf 85' lang='lat' dir='ltr'>atque</span> <span class='ocrx_word' id='word_1_226' title='bbox 1110 2025 1168 2051; x_wconf 87' lang='lat' dir='ltr'>ex</span> <span class='ocrx_word' id='word_1_227' title='bbox 1195 2009 1277 2052; x_wconf 84' lang='lat' dir='ltr'>hac</span> <span class='ocrx_word' id='word_1_228' title='bbox 1307 2010 1482 2055; x_wconf 79' lang='lat' dir='ltr'>ratione</span> 
     </span>
     <span class='ocr_line' id='line_1_29' title="bbox 117 2076 1480 2133; baseline 0 -14"><span class='ocrx_word' id='word_1_229' title='bbox 117 2079 288 2120; x_wconf 80' lang='lat' dir='ltr'>victum</span> <span class='ocrx_word' id='word_1_230' title='bbox 327 2077 676 2133; x_wconf 78' lang='lat' dir='ltr'>praescribentes</span> <span class='ocrx_word' id='word_1_231' title='bbox 703 2076 870 2132; x_wconf 83' lang='lat' dir='ltr'>totique</span> <span class='ocrx_word' id='word_1_232' title='bbox 898 2077 1077 2133; x_wconf 83' lang='lat' dir='ltr'>corpori</span> <span class='ocrx_word' id='word_1_233' title='bbox 1101 2076 1355 2119; x_wconf 75' lang='lat' dir='ltr'>adhibentes</span> <span class='ocrx_word' id='word_1_234' title='bbox 1377 2092 1480 2119; x_wconf 90' lang='lat' dir='ltr'>cum</span> 
     </span>
     <span class='ocr_line' id='line_1_30' title="bbox 118 2144 1478 2201; baseline -0.001 -14"><span class='ocrx_word' id='word_1_235' title='bbox 118 2152 213 2187; x_wconf 81' lang='lat' dir='ltr'>toto</span> <span class='ocrx_word' id='word_1_236' title='bbox 243 2151 416 2201; x_wconf 77' lang='lat' dir='ltr'>partem</span> <span class='ocrx_word' id='word_1_237' title='bbox 445 2152 660 2186; x_wconf 86' lang='lat' dir='ltr'>conantur</span> <span class='ocrx_word' id='word_1_238' title='bbox 692 2157 848 2184; x_wconf 83' lang='lat' dir='ltr'>curare</span> <span class='ocrx_word' id='word_1_239' title='bbox 879 2152 922 2186; x_wconf 92' lang='lat' dir='ltr'>et</span> <span class='ocrx_word' id='word_1_240' title='bbox 944 2158 1125 2195; x_wconf 79' lang='lat' dir='ltr'>sanare3</span> <span class='ocrx_word' id='word_1_241' title='bbox 1165 2157 1329 2186; x_wconf 80' lang='lat' dir='ltr'>annon</span> <span class='ocrx_word' id='word_1_242' title='bbox 1350 2144 1478 2187; x_wconf 80' lang='lat' dir='ltr'>audi-</span> 
     </span>
     <span class='ocr_line' id='line_1_31' title="bbox 117 2209 1477 2266; baseline -0.001 -13"><span class='ocrx_word' id='word_1_243' title='bbox 117 2211 222 2254; x_wconf 85' lang='lat' dir='ltr'>visti</span> <span class='ocrx_word' id='word_1_244' title='bbox 254 2210 339 2252; x_wconf 89' lang='lat' dir='ltr'>hoc</span> <span class='ocrx_word' id='word_1_245' title='bbox 371 2209 521 2266; x_wconf 67' lang='lat' dir='ltr'>dicem</span> <span class='ocrx_word' id='word_1_246' title='bbox 552 2209 748 2252; x_wconf 81' lang='lat' dir='ltr'>medicos</span> <span class='ocrx_word' id='word_1_247' title='bbox 777 2216 821 2250; x_wconf 87' lang='lat' dir='ltr'>et</span> <span class='ocrx_word' id='word_1_248' title='bbox 846 2210 908 2252; x_wconf 90' lang='lat' dir='ltr'>sic</span> <span class='ocrx_word' id='word_1_249' title='bbox 935 2225 982 2251; x_wconf 90' lang='lat' dir='ltr'>se</span> <span class='ocrx_word' id='word_1_250' title='bbox 1000 2225 1097 2252; x_wconf 86' lang='lat' dir='ltr'>rem</span> <span class='ocrx_word' id='word_1_251' title='bbox 1117 2209 1308 2253; x_wconf 70' lang='lat' dir='ltr'>habere?</span> <span class='ocrx_word' id='word_1_252' title='bbox 1363 2211 1477 2254; x_wconf 83' lang='lat' dir='ltr'>Sane</span> 
     </span>
     <span class='ocr_line' id='line_1_32' title="bbox 118 2276 1476 2336; baseline -0.001 -16"><span class='ocrx_word' id='word_1_253' title='bbox 118 2278 295 2336; x_wconf 90' lang='lat' dir='ltr'>quidem</span> <span class='ocrx_word' id='word_1_254' title='bbox 312 2309 323 2328; x_wconf 90' lang='lat'>‚</span> <span class='ocrx_word' id='word_1_255' title='bbox 350 2276 508 2332; x_wconf 83' lang='lat' dir='ltr'>inquit.</span> <span class='ocrx_word' id='word_1_256' title='bbox 565 2276 726 2318; x_wconf 89' lang='lat' dir='ltr'>Nonne</span> <span class='ocrx_word' id='word_1_257' title='bbox 746 2285 864 2318; x_wconf 85' lang='lat' dir='ltr'>recte</span> <span class='ocrx_word' id='word_1_258' title='bbox 885 2276 964 2319; x_wconf 90' lang='lat' dir='ltr'>tibi</span> <span class='ocrx_word' id='word_1_259' title='bbox 984 2277 1160 2319; x_wconf 89' lang='lat' dir='ltr'>videtur</span> <span class='ocrx_word' id='word_1_260' title='bbox 1183 2277 1270 2323; x_wconf 85' lang='lat' dir='ltr'>dici</span> <span class='ocrx_word' id='word_1_261' title='bbox 1288 2277 1476 2336; x_wconf 79' lang='lat' dir='ltr'>probas-</span> 
     </span>
     <span class='ocr_line' id='line_1_33' title="bbox 120 2343 1188 2401; baseline 0 -14"><span class='ocrx_word' id='word_1_262' title='bbox 120 2359 206 2401; x_wconf 86' lang='lat' dir='ltr'>que</span> <span class='ocrx_word' id='word_1_263' title='bbox 228 2344 447 2388; x_wconf 81' lang='lat' dir='ltr'>rationem</span> <span class='ocrx_word' id='word_1_264' title='bbox 461 2343 483 2385; x_wconf 72' lang='grc' dir='ltr'>’Ξ</span> <span class='ocrx_word' id='word_1_265' title='bbox 542 2343 758 2387; x_wconf 85' lang='lat' dir='ltr'>Omnium</span> <span class='ocrx_word' id='word_1_266' title='bbox 778 2343 974 2387; x_wconf 75' lang='lat' dir='ltr'>maxime</span> <span class='ocrx_word' id='word_1_267' title='bbox 987 2375 1000 2397; x_wconf 79' lang='grc'>,</span> <span class='ocrx_word' id='word_1_268' title='bbox 1028 2343 1188 2401; x_wconf 85' lang='lat' dir='ltr'>inquit.</span> 
     </span>
    </p>
   </div>
   <div class='ocr_carea' id='block_1_5' title="bbox 120 2542 1479 2669">
    <p class='ocr_par' dir='ltr' id='par_1_5' title="bbox 120 2542 1479 2669">
     <span class='ocr_line' id='line_1_34' title="bbox 229 2542 1479 2599; baseline 0.001 -14"><span class='ocrx_word' id='word_1_269' title='bbox 229 2542 374 2599; x_wconf 87' lang='lat' dir='ltr'>Atque</span> <span class='ocrx_word' id='word_1_270' title='bbox 393 2557 471 2599; x_wconf 88' lang='lat' dir='ltr'>ego</span> <span class='ocrx_word' id='word_1_271' title='bbox 490 2556 625 2599; x_wconf 83' lang='lat' dir='ltr'>quum</span> <span class='ocrx_word' id='word_1_272' title='bbox 647 2542 910 2586; x_wconf 83' lang='lat' dir='ltr'>audivissem</span> <span class='ocrx_word' id='word_1_273' title='bbox 931 2559 1032 2587; x_wconf 90' lang='lat' dir='ltr'>eum</span> <span class='ocrx_word' id='word_1_274' title='bbox 1052 2544 1366 2588; x_wconf 81' lang='lat' dir='ltr'>collaudantem</span> <span class='ocrx_word' id='word_1_275' title='bbox 1379 2544 1479 2586; x_wconf 79' lang='lat' dir='ltr'>ani-</span> 
     </span>
     <span class='ocr_line' id='line_1_35' title="bbox 120 2610 1478 2669; baseline 0.001 -18"><span class='ocrx_word' id='word_1_276' title='bbox 120 2625 246 2653; x_wconf 91' lang='lat' dir='ltr'>mum</span> <span class='ocrx_word' id='word_1_277' title='bbox 270 2610 417 2667; x_wconf 88' lang='lat' dir='ltr'>recepi</span> <span class='ocrx_word' id='word_1_278' title='bbox 431 2643 445 2661; x_wconf 54' lang='grc'>,,</span> <span class='ocrx_word' id='word_1_279' title='bbox 474 2610 703 2669; x_wconf 80' lang='lat' dir='ltr'>paullatim</span> <span class='ocrx_word' id='word_1_280' title='bbox 733 2610 960 2655; x_wconf 85' lang='lat' dir='ltr'>audaciam</span> <span class='ocrx_word' id='word_1_281' title='bbox 980 2627 1133 2654; x_wconf 90' lang='lat' dir='ltr'>rursus</span> <span class='ocrx_word' id='word_1_282' title='bbox 1154 2612 1309 2669; x_wconf 85' lang='lat' dir='ltr'>collegi</span> <span class='ocrx_word' id='word_1_283' title='bbox 1332 2620 1375 2654; x_wconf 88' lang='lat' dir='ltr'>et</span> <span class='ocrx_word' id='word_1_284' title='bbox 1395 2626 1478 2652; x_wconf 76' lang='lat' dir='ltr'>ex·-</span> 
     </span>
    </p>
   </div>
  </div>
 </body>
</html>
