1760 2898
550 147 997 190 EUTHYPHRO.
1397 152 1458 190 79

34 288 39 293 ’
100 258 300 329 fitsxideo
321 267 448 313 est-id
470 265 588 325 quod
610 265 684 318 fit3
712 279 858 322 neque
879 264 985 322 quia
1003 271 1067 312 est
1083 262 1131 306 id
1148 263 1266 320 quod
1281 263 1466 322 patitur,

97 341 197 386 ideo
219 338 408 398 patitur,
432 335 510 379 sed
540 335 643 392 quia
673 332 868 390 patitur,
907 331 1008 375 ideo
1036 340 1100 376 est
1124 331 1172 375 id
1199 332 1318 390 quod
1347 333 1465 392 pati-

98 416 196 464 tur3
224 421 373 450 annon
398 403 461 449 ita
481 399 685 445 concedis
707 413 814 443 esse.

204 475 294 518 Eu.
353 469 587 514 Concedo„

207 524 280 585 ἑο.
299 581 303 586 ,
337 539 499 582 Nonne
518 537 651 581 etiam
671 544 868 580 amatum
897 544 964 580 est
981 544 1057 579 aut
1080 534 1248 592 aliquid
1275 537 1394 595 quod
1413 537 1466 585 fit

96 618 172 654 aut
191 608 309 667 quod
328 606 499 667 patitur
518 605 624 663 quid
645 604 699 647 ab
718 604 900 661 aliquo?

204 676 295 721 Eu.
339 674 468 719 Sane
487 674 679 731 quidem.

207 744 282 786 So.
336 742 457 799 Ergo
479 740 566 784 hoc
592 754 770 798 quoque
797 739 861 782 sic
881 753 928 783 se
948 738 1083 783 habet
1112 739 1179 784 uti
1206 742 1464 800 superiora:

93 825 188 853 non
209 811 315 868 quia
335 818 400 853 est
433 817 629 852 amatum
643 840 654 860 ‚
689 816 862 850 amatur
891 807 946 850 ab
974 808 1031 852 iis
1051 825 1079 852 a
1099 807 1261 867 quibus
1280 820 1468 867 amatur,

97 878 174 920 sed
193 868 298 935 quia
327 884 528 929 amatur,
555 884 622 919 est
639 884 846 920 amatum.

206 945 296 987 Eu.
352 944 542 987 Necesse
561 954 640 987 est.

208 1012 282 1054 So.
336 1010 460 1068 Quid
478 1011 615 1067 igitur
645 1011 837 1054 dicimus
868 1011 923 1053 de
946 1012 1050 1069 pio,
1081 1012 1145 1054 mi
1168 1010 1470 1070 Euthyphro'?

97 1093 249 1121 nonne
275 1086 451 1121 amatur
474 1091 500 1120 a
519 1078 605 1121 diis
625 1078 832 1121 omnibus
845 1110 859 1132 ,
882 1087 933 1122 ut
951 1078 1088 1122 modo
1109 1078 1316 1122 dicebas?

205 1146 294 1189 Eu.
350 1145 555 1189 Amatur.

206 1213 281 1256 So.
338 1212 503 1255 Ideone
521 1212 625 1270 quia
642 1213 773 1271 pium
793 1220 873 1264 est,
901 1210 962 1255 anv
978 1222 1168 1272 propter
1186 1213 1304 1256 aliud
1327 1214 1468 1272 quid?

205 1280 297 1324 Ειι.
352 1280 395 1322 N
398 1295 482 1331 on,
507 1280 582 1322 sed
599 1288 787 1338 propter
805 1279 932 1322 illud.

207 1346 279 1391 So.
338 1346 459 1404 Quia
481 1362 587 1405 ergo
605 1347 735 1406 pium
758 1356 846 1397 est,
873 1353 1072 1402 amatur,
1105 1361 1198 1390 non
1217 1348 1322 1405 quia
1345 1363 1471 1393 ama-

98 1420 196 1468 tur,
217 1414 319 1457 ideo
339 1415 467 1473 pium
489 1423 565 1458 est.

207 1481 298 1525 Ειι.
355 1481 429 1525 Sic
448 1482 638 1526 videtur.

210 1549 284 1592 So.
343 1549 439 1592 Iam
459 1565 591 1603 vero,
619 1550 724 1607 quia
746 1558 922 1593 amatur
945 1565 972 1593 a
991 1550 1099 1606 diis,
1128 1558 1324 1594 amatum
1347 1559 1410 1595 est
1429 1560 1473 1595 et

99 1615 182 1659 diis
203 1631 358 1659 carum
377 1618 424 1660 id
452 1618 569 1674 quod
592 1618 677 1661 diis
700 1632 856 1662 carum
877 1627 954 1662 est.

210 1685 304 1727 Ειι.
362 1684 637 1744 Quippini?¹

210 1751 284 1795 So.
341 1752 444 1796 Non
480 1769 586 1811 ergo
611 1753 659 1796 id
700 1754 818 1811 quod
850 1754 934 1797 diis
967 1768 1123 1797 carum
1166 1763 1232 1798 est
1257 1754 1379 1798 idem
1410 1764 1476 1799 est

100 1817 253 1874 pium,
280 1819 577 1879 Euthyphro,
604 1836 752 1877 neque
770 1821 890 1878 quod
911 1829 974 1864 est
994 1823 1123 1878 pium
1155 1821 1275 1864 idem
1296 1822 1378 1864 diis
1398 1837 1475 1864 ca—

102 1900 205 1928 rum
228 1894 315 1940 est,
345 1897 395 1931 ut
411 1896 460 1930 tu
493 1888 625 1942 dicis,
652 1889 728 1931 sed
754 1889 947 1932 alterum
976 1888 1203 1933 diversum
1235 1890 1289 1931 ab
1320 1890 1476 1932 altero.

210 1964 298 2006 Ειι.
358 1965 452 2021 Qui
471 1967 676 2017 tandem,
706 1967 920 2011 Socrate?

213 2042 284 2083 So.
343 2041 464 2100 Quia
480 2045 757 2087 concedimus
777 2045 903 2100 pium
921 2043 1024 2085 ideo
1046 2046 1202 2097 amari,
1226 2046 1329 2102 quia
1347 2045 1477 2104 pium

105 2115 193 2161 est,
226 2123 343 2163 non,
372 2110 476 2166 quia
500 2119 700 2165 amatur,
726 2111 854 2168 pium
874 2124 991 2163 esse3
1019 2112 1203 2153 nonne?

214 2188 305 2231 Ea.
363 2188 565 2233 Prorsus

215 2267 289 2311 So.
343 2268 396 2310 Id
422 2276 568 2311 autem
599 2268 716 2324 quod
739 2267 822 2310 diis
843 2282 995 2310 carum
1021 2276 1108 2322 est,
1134 2269 1235 2325 quia
1259 2278 1430 2314 amatur
1449 2286 1475 2313 a

106 2331 210 2385 diis,
251 2348 303 2375 eo
332 2334 430 2392 ipso
466 2337 567 2393 quia
597 2338 772 2380 amatur
800 2334 883 2378 diis
915 2350 1069 2378 carum
1103 2351 1220 2392 esse,
1245 2352 1339 2380 non
1369 2338 1474 2396 quia

107 2399 190 2441 diis
211 2415 360 2444 carum
383 2411 469 2456 est,
496 2404 597 2446 ideo
618 2402 771 2446 amari.

214 2478 304 2524 Ειι.
361 2480 535 2525 Verum
558 2482 678 2524 dicis.

216 2557 288 2598 So.
345 2558 406 2602 At
433 2560 471 2603 si
500 2560 619 2603 idem
650 2566 786 2610 esset,
825 2558 982 2602 dilecte
1018 2559 1314 2620 Euthyphro,
1357 2562 1476 2619 quod

108 2621 190 2664 diis
223 2639 378 2668 carum
409 2635 453 2671 et
481 2629 598 2685 quod
628 2628 758 2686 pium
795 2635 1004 2680 vocatur,
1044 2637 1307 2683 sequeretur
1335 2638 1408 2681 ut,
1428 2628 1468 2670 si
