1734 2872
1392 303 1445 313 ua-

420 268 849 333 ALGIBIADES
894 238 1166 308 PRIMUS.
1392 279 1482 315 009

206 387 295 441 So.
351 389 441 442 At,
472 388 540 431 mi
568 388 711 438 bone,
738 392 835 428 'me
864 386 1128 428 concionem
1158 386 1365 429 existima
1394 401 1487 429 esse

110 466 238 514 atque
260 455 599 514 populum32-ibi
618 466 796 512 quoque
817 466 924 495 sane
944 448 1487 514 teaoportebitunicui'que

106 524 400 583 persuadere:
429 522 616 566 nonne?
688 577 696 584 κ

219 593 288 632 Al.
346 590 512 635 Etiam.
534 590 538 595 ’

223 660 297 703 So.
343 659 387 702 N
389 673 522 702 onne⁴
541 654 742 699 e'iusdem
763 664 829 699 est
847 669 988 699 unum
1012 670 1144 714 posse
1166 657 1312 699 solum
1331 654 1492 700 docere

114 737 159 771 et
186 729 347 771 multos
376 727 510 769 simul
535 739 586 768 ea
608 739 723 782 quae
744 723 898 778 millet,
938 723 1318 781 quemadmodum
1339 740 1492 782 gram-

113 796 301 840 maticus
318 794 410 839 tam
427 808 572 837 unum
596 792 724 836 docet
739 791 909 837 litteras
928 806 1066 850 quam
1089 791 1255 834 multos
1266 790 1288 832 ’ἓ

222 867 293 907 ΑΖ.
350 862 490 906 Vero.

224 933 297 975 So.
355 930 517 973 Nonne
551 928 692 987 igitur
714 928 852 972 etiam
871 941 1119 971 numerum
1138 926 1261 970 idem
1283 941 1426 970 unum
1450 935 1494 968 et

113 1000 284 1043 multos'
294 997 468 1039 docebit
477 997 499 1037 ’ἓ
1386 993 1389 996 ’

225 1066 296 1106 Αἰ.
351 1064 519 1107 Etiam.

228 1134 301 1176 So.
358 1130 444 1174 Hic
482 1137 631 1172 autem
675 1127 761 1171 erit
797 1127 837 1170 is
878 1128 957 1186 qui
995 1127 1225 1186 intelligit,
1278 1127 1496 1187 arithmef

116 1202 263 1245 ficus?

224 1269 294 1307 Al.
354 1265 470 1308 Sane
499 1263 692 1320 quidem.

228 1335 302 1376 So.
361 1332 526 1374 Nonne
556 1340 606 1373 tn
636 1342 814 1385 quoque
836 1343 948 1386 quae
973 1330 1137 1373 multos
1162 1339 1289 1388 potes
1319 1331 1495 1383 docere,'

119 1418 170 1446 ea
194 1402 327 1445 etiam
347 1397 522 1441 unum?

204 1473 296 1513 Al.
353 1467 712 1509 Consentaneum
738 1476 863 1508 vero.

227 1537 300 1581 So.
356 1535 482 1577 Patet
499 1548 608 1575 velo
627 1531 735 1575 haec
756 1548 807 1575 ea
828 1549 920 1576 esse
941 1547 1054 1590 quae
1072 1542 1121 1577 tu
1145 1533 1382 1589 intelligam

227 1607 299 1647 Al.
357 1601 522 1643 Etiam

232 1671 304 1714 So
359 1669 524 1711 Nonne
550 1667 693 1725 igitur
718 1667 805 1710 hoc
827 1676 1001 1712 tantum
1027 1668 1178 1710 diffe1t
1202 1668 1321 1710 inter
1339 1674 1492 1708 orato-

118 1753 217 1781 lem
238 1737 292 1779 ad
315 1736 534 1793 populum
556 1735 692 1776 verba
706 1733 945 1778 facientem
965 1745 1008 1779 et
1030 1743 1182 1778 orator
1186 1750 1257 1775 em
1277 1733 1497 1776 inhuius-

118 1805 243 1847 modi
263 1818 402 1860 cong1
405 1818 504 1845 essu
526 1802 842 1856 disserentem,
870 1803 988 1861 quod
1010 1802 1088 1844 ille
1108 1802 1342 1845 universos
1360 1801 1495 1843 simul

123 1873 272 1923 docet,
301 1871 375 1912 hic
394 1884 503 1912 vero
526 1884 751 1926 quemque
768 1883 852 1927 per
873 1871 955 1912 se?

232 1940 304 1981 Al.
360 1937 428 1978 Ita
444 1947 549 1977 sane
569 1935 719 1979 habet.

233 2005 298 2043 So.
352 2002 447 2057 Age
464 2001 571 2044 dnm
587 2032 599 2054 ,
627 2002 838 2059 quoniam
857 2003 1056 2060 eiusdem
1076 2011 1200 2060 patet
1222 2017 1315 2044 esse
1333 2001 1500 2043 multos

126 2079 170 2112 et
200 2066 345 2111 unlim
378 2068 560 2117 docere,
595 2068 646 2108 in
686 2082 759 2108 me
798 2071 960 2110 exerce
988 2076 1033 2109 et
1075 2083 1237 2111 conare
1270 2067 1500 2110 ostendere

127 2138 296 2179 iustum
316 2146 656 2189 nonnumquam
673 2148 766 2175 non
792 2133 1053 2176 conducere.

238 2206 309 2248 Al.
366 2203 610 2245 Protei-vus
635 2214 705 2254 es,
733 2201 926 2244 Socrate.

237 2273 307 2313 So.
363 2268 494 2312 Nunc
531 2267 670 2324 igitur
712 2282 772 2309 ex
799 2268 1095 2325 protervitate
1125 2270 1229 2312 volo
1260 2278 1304 2313 te
1344 2271 1502 2315 docere

131 2336 357 2382 contraria
373 2335 469 2378 istis
492 2350 604 2392 quae
627 2342 676 2377 tu
694 2349 768 2378 me
787 2350 880 2378 non
900 2336 981 2378 vis.

239 2406 309 2444 Al.
367 2403 452 2444 Dic
475 2403 595 2445 dum.

243 2473 309 2514 So,
365 2468 602 2526 Responde
622 2468 754 2512 modo
777 2469 831 2511 ad
855 2485 903 2512 ea
928 2473 1039 2527 qnae
1058 2470 1359 2528 interrogabm

243 2540 312 2579 Al.
368 2536 496 2586 Non,
522 2535 597 2576 sed
619 2544 665 2578 tu
689 2536 784 2592 ipse
805 2537 951 2580 dicito.

247 2606 311 2642 So.
372 2600 495 2659 Quid
533 2602 631 2644 ita2
676 2617 824 2645 nonne
858 2605 925 2646 vis
957 2612 1000 2646 te
1031 2620 1164 2661 quam
1196 2601 1395 2650 maxime
1426 2607 1508 2647 do-

138 2667 230 2711 ceri
244 2669 264 2710 '3
1324 2671 1334 2677 '

172 2756 175 2761 ·
249 2738 316 2775 Al.
380 2735 564 2778 Prorsus
589 2736 766 2791 quidem
790 2738 902 2780 volo.
