1696 2898
598 111 992 162 L'A'cHEs.
1374 128 1466 168 497

108 237 276 283 virtute
296 237 584 283 disserentem
600 237 674 280 vel
695 236 749 279 de
769 234 988 295 sapientia
1005 233 1152 293 aliqua
1166 232 1243 292 qui
1266 251 1375 281 vere
1406 247 1473 285 est

108 307 183 349 vir
195 306 440 364 dignusque
451 306 506 354 iis
517 319 623 360 quos
634 303 764 346 habet
773 301 1067 355 sermonibus,
1077 301 1246 346 mirum
1257 315 1472 360 quantum

111 371 326 424 delector,
360 378 560 429 spectans
576 370 710 412 simul
729 369 948 413 dicentem
971 377 1015 412 et
1032 383 1258 412 sermones
1278 371 1398 415 inter
1426 389 1474 416 se

110 437 424 481 convenientes
434 445 476 480 et
487 436 771 479 concinentes
781 452 796 490 3
823 443 866 479 et
885 449 991 478 sane
1011 434 1124 478 mihi
1136 436 1316 481 videtur
1334 440 1476 484 musi-

110 514 185 546 cus
195 502 295 546 talis
305 518 413 554 esse,
434 502 786 560 pulcherrimam
798 503 847 545 in
860 517 908 544 se
920 502 1203 545 harmoniam
1215 519 1373 561 gerens
1383 523 1478 560 non

107 569 233 628 lyrae
258 584 341 613 nec
361 569 636 613 ludicrorum
656 569 1076 622 instrumentorum,
1114 571 1189 612 sed
1210 586 1315 615 suae
1335 574 1479 632 ipsius

106 637 227 681 vitae
238 637 286 679 in
297 651 383 693 qua
399 651 514 679 serm
521 651 627 679 ones
638 644 680 679 et
690 635 886 680 actiones
895 635 1015 678 inter
1027 650 1075 677 se
1086 635 1329 681 concinunt
1345 643 1479 697 plane

109 703 263 747 dorico
282 702 428 756 modo,
456 718 548 745 non
568 702 733 756 ionico,
761 703 968 754 arbitror,
989 715 1073 744 nec
1091 701 1286 760 phrygio
1306 715 1382 749 aut
1403 708 1479 764 ly-

109 770 186 815 dio
199 802 212 823 ,
242 770 328 830 ¹sed
360 771 601 813 secundum
633 784 731 812 eam
763 783 876 825 quae
908 768 1000 811 sola
1027 777 1094 813 est
1114 783 1272 826 graeca
1289 771 1480 817 harmo-

109 838 246 881 niam.
281 836 539 881 huiusmodi
568 837 708 894 igitur
737 835 876 880 homo
903 836 1131 892 voluptate
1154 851 1228 879 me
1250 837 1384 883 afficit
1405 840 1478 882 lo-

111 919 250 962 quens
271 912 322 947 ut
343 904 501 962 cuique
521 906 677 948 videar
696 919 955 948 sermonum
974 911 1148 946 amator
1166 918 1287 947 esse.-
1328 913 1480 958 tanto-2

110 986 221 1030 pere
242 971 488 1028 amplector
506 986 556 1015 ea
578 986 688 1028 quae
712 972 842 1023 dicit‚·
878 974 917 1014 is
946 985 1057 1014 vero
1086 969 1164 1026 qui
1184 979 1339 1014 contra
1357 973 1483 1028 facit,

113 1054 201 1096 quo
235 1037 392 1082 melius
420 1037 601 1081 videtur
627 1038 781 1096 loqui,
824 1054 876 1081 eo
906 1036 1047 1094 magis
1076 1050 1152 1079 me
1181 1037 1410 1083 contristat
1432 1048 1479 1083 et:

112 1106 246 1150 efficit
263 1113 313 1148 ut
329 1120 489 1148 rursus
510 1120 769 1149 sermonum
786 1106 941 1149 videar
964 1104 1118 1147 odium
1137 1102 1302 1150 habere
1329 1121 1379 1148 ac
1393 1106 1482 1150 Sos

111 1174 243 1217 cratis
275 1172 457 1230 quidem
487 1188 748 1217 sermonum
771 1188 863 1215 non
884 1187 984 1216 sum
1003 1171 1199 1229 peritus,
1237 1173 1312 1233 sed
1333 1174 1486 1231 priu's,‘

41 1292 46 1296 ἢ
111 1247 164 1283 ut
182 1246 373 1291 constat,
406 1240 500 1282 eius
521 1255 659 1298 opera
684 1240 897 1300 cognovi,
932 1238 1087 1295 ibique
1113 1253 1213 1282 eum
1235 1239 1390 1282 inveni
1408 1248 1479 1283 ta-

110 1308 201 1351 lem
224 1320 357 1364 quem
378 1306 560 1350 deceant
580 1322 808 1350 sermones
826 1305 1006 1364 pulchri
1022 1305 1253 1362 omnisque
1265 1305 1483 1363 loquendi

110 1374 306 1418 libertas.
344 1373 435 1415 iam
465 1372 501 1416 si
532 1372 620 1415 hoc
649 1388 824 1430 quoque
843 1372 999 1424 habet,
1040 1372 1258 1416 assentior
1279 1373 1404 1425 viro,
1435 1383 1482 1418 et

111 1439 402 1485 libentissime
422 1455 497 1483 me
519 1441 748 1498 explorari
770 1440 912 1498 patiar
923 1440 976 1482 ab
988 1438 1243 1485 huiusmodi
1254 1439 1370 1493 viro,
1394 1455 1480 1483 nec

113 1523 274 1567 graver
304 1508 495 1562 discere;
528 1522 633 1550 nam
661 1523 741 1564 ego
771 1521 945 1564 quoque
965 1506 1149 1559 Soloni,
1184 1522 1277 1549 uno
1305 1515 1480 1554 tantum

113 1577 282 1623 adi-ecto
293 1605 309 1627 ,
339 1575 556 1618 concedo:
580 1588 811 1616 senescens
834 1572 955 1616 enim
975 1574 1117 1616 multa
1141 1573 1311 1615 discere
1329 1575 1433 1617 volo
1453 1589 1482 1618 a

113 1643 240 1687 bonis
272 1641 593 1685 tantummodo.
636 1638 721 1682 hoc
753 1639 874 1680 enim
899 1638 1012 1680 mihi
1031 1640 1282 1690 concedito,
1311 1641 1482 1684 bonum

114 1725 208 1753 esse
240 1710 388 1766 ipsum
422 1721 601 1763 quoque
629 1705 914 1763 magistrum,
950 1712 1001 1748 ut
1021 1719 1079 1746 ne
1100 1703 1304 1747 indocilis
1325 1706 1482 1751 videar

115 1776 235 1821 haud
263 1774 455 1817 libenter
488 1773 674 1815 discens.
710 1772 748 1815 si
774 1772 923 1814 iunior
953 1771 1038 1814 erit
1069 1770 1107 1813 is
1141 1771 1218 1828 qu'i
1248 1772 1376 1816 docet
1406 1773 1481 1816 vel

116 1834 319 1888 nondum*
335 1841 477 1883 clarus
495 1840 569 1883 vel
590 1839 710 1883 aliud
730 1838 837 1896 quid
857 1838 1021 1880 horum
1041 1837 1197 1890 habet,
1236 1838 1351 1882 nihil
1380 1854 1482 1883 mea

116 1910 267 1955 refert.
306 1917 350 1951 te
384 1908 547 1966 igitur,
585 1907 789 1959 Socrate,
827 1905 960 1948 iubeo
992 1914 1036 1948 et
1069 1905 1229 1948 docere
1250 1914 1294 1948 et
1323 1906 1481 1949 redar-

117 1989 254 2036 guere
286 1989 359 2020 me
395 1973 603 2031 quicquid
634 1972 855 2026 volueris,
888 1980 932 2014 et
953 1973 1123 2014 discere
1143 1972 1338 2015 vicissim
1360 1973 1481 2029 quod

118 2061 200 2103 ego
219 2043 333 2086 scio:
362 2042 423 2084 ita
443 2056 547 2098 erga
565 2049 609 2083 te
627 2039 809 2082 affectus
827 2054 924 2081 sum
953 2038 1006 2080 ab
1027 2054 1080 2080 eo
1103 2037 1174 2080 die
1192 2053 1279 2095 quo
1302 2053 1482 2083 mecum

118 2112 371 2171 periculum
401 2107 630 2164 suscepisti
658 2116 701 2150 et
736 2105 1053 2148 documentum
1083 2105 1358 2148 fortitudinis
1379 2113 1481 2148 tuae

120 2179 277 2222 dedisti
310 2175 439 2234 quale
470 2181 643 2231 oportet
671 2172 776 2215 dare
804 2171 878 2228 qui
908 2172 1040 2229 plane
1076 2171 1133 2214 sit
1167 2171 1361 2216 daturus.
1410 2162 1481 2216 dic

121 2261 227 2304 ergo
240 2241 504 2302 quodlubet,
526 2240 689 2283 nullam
706 2238 855 2282 aetatis
877 2246 1054 2280 nostrae
1067 2237 1286 2281 rationem
1300 2238 1478 2286 habens.

232 2312 303 2356 So.
359 2309 479 2362 Vos,
506 2317 556 2350 ut
579 2315 721 2363 patet,
758 2321 849 2349 non
868 2305 1116 2363 poterimus
1135 2319 1341 2348 accusare
1361 2309 1478 2364 quod

122 2393 215 2422 non
246 2378 446 2436 prompti
477 2376 569 2419 sitis
597 2374 650 2417 ad
684 2372 1000 2416 consulendum
1029 2373 1325 2416 communiter
1349 2382 1480 2431 atque

121 2445 488 2501 investigandum.
1315 2481 1318 2483 .

232 2511 318 2570 Ly.
374 2511 434 2553 At
458 2517 654 2553 nostrum
674 2514 739 2550 est
758 2521 882 2564 opus,
902 2505 1106 2560 Socrate3
1137 2520 1272 2549 unum
1294 2507 1413 2548 enim
1435 2515 1478 2550 te

122 2594 243 2638 pono
273 2592 331 2619 ex
364 2575 515 2631 nobis3
555 2575 659 2620 vide
690 2573 826 2632 igitur
847 2589 932 2633 pro
955 2589 1029 2620 me
1050 2573 1477 2617 adolescentulorum

184 2651 292 2687 Tom.
323 2646 437 2685 VIII.
1151 2641 1196 2683 Ii
