1734 2872
477 87 850 150 APOLoGIA'
885 106 1250 163 ‘soan'rls
1459 86 1580 156 135⁷

173 238 323 287 ¹-qu
345 240 431 284 pro
453 225 582 280 iure,
609 225 647 268 si
665 225 738 269 vel
757 226 809 268 ad
833 216 972 286 breve
991 235 1170 284 tempus
1190 240 1236 268 se
1260 226 1434 270 salvum
1457 243 1552 271 esse

170 289 386 346 voluerit,
424 293 565 337 vitam
600 286 845 355 privatam,
883 307 975 334 non
1006 293 1234 352 publicam
1258 309 1403 352 agere.
1442 310 1550 353 gra-

171 362 244 406 via
267 360 476 418 equidem
497 360 611 402 dabo
631 360 760 403 vobis
780 369 1042 417 argumenta
1066 362 1160 404 eius
1183 361 1279 413 rei,
1305 378 1398 405 non
1418 363 1548 417 dicta,

167 429 244 474 sed
276 428 395 486 quod
428 444 509 471 vos
540 428 696 485 magni
727 426 910 481 ducitis,
947 426 1079 471 facta.
1123 429 1272 472 audite
1303 445 1408 486 ergo
1437 419 1550 487 quae

167 496 282 541 mihi
315 495 594 549 acciderunt,
632 503 682 538 ut
712 494 986 552 cognoscatis
1017 496 1190 538 nemini
1209 511 1283 538 me
1304 493 1550 540 contraius

165 573 210 608 et
256 579 449 622 aequum
483 578 713 606 cessurum
745 577 838 604 esse
867 563 1028 605 mortis
1062 572 1210 615 metu,
1262 578 1548 621 quamquam,

167 632 303 675 simul
326 642 454 689 atque
476 647 569 674 non
591 630 801 674 cesserim
816 662 828 683 ,
866 630 1134 673 interiturus
1156 630 1256 674 sim.
1295 631 1439 673 dicam
1464 645 1548 674 au-

162 708 257 742 tem
287 699 413 743 vobis
438 700 625 742 molesta
645 707 690 742 et
708 697 956 751 iudicialia,
992 698 1067 740 sed
1087 714 1194 742 vera
1214 707 1380 741 tamen.
1415 714 1547 741 nam-

166 783 256 824 que
286 782 389 825 ego,
429 767 750 818 Athenienses,
785 765 911 809 nullo
940 780 1154 822 umquam
1179 765 1363 823 publico
1383 781 1547 808 mune-

161 849 213 876 re
242 850 342 877 sum
371 834 578 886 functus,
620 842 937 891 praeterquam
967 834 1219 887 senaim-103
1248 848 1298 875 ac
1323 831 1439 875 forte
1456 832 1547 875 tri-

161 901 246 944 bus
290 909 443 944 nostra
473 901 710 944 Antiochis
748 916 976 943 summum
1006 902 1318 959 magistratum
1351 901 1546 957 gerebat,

162 984 303 1025 quum
324 985 404 1012 vos
425 967 580 1010 decem
604 976 832 1023 praetores
851 967 966 1020 illos,
988 969 1066 1024 qui
1090 981 1279 1024 corpora
1298 967 1348 1010 in
1365 967 1542 1024 proelio

164 1035 318 1078 navali
338 1050 568 1078 caesorum
589 1049 682 1076 non
708 1035 992 1087 sustulerant,
1013 1043 1194 1077 cunctos
1219 1049 1308 1076 una
1324 1035 1545 1077 sententia.

163 1101 366 1145 damnari
387 1101 607 1146 iubebatis
619 1133 635 1152 ,
673 1109 829 1144 contra
858 1103 1003 1158 leges,
1033 1100 1149 1144 sicut
1166 1102 1389 1160 posterius
1411 1101 1542 1158 vobis

161 1170 366 1212 omnibus
389 1170 536 1210 visum
561 1175 639 1212 est.
668 1177 767 1210 tum
781 1183 862 1224 ego
873 1170 992 1211 solus
1009 1184 1032 1210 e
1043 1169 1313 1226 prytanibus
1327 1169 1543 1210 adversa-

156 1244 230 1278 tus
243 1249 342 1277 sum
362 1235 503 1288 vobis,
524 1251 613 1291 quo
634 1235 783 1277 minus
804 1236 912 1291 quid
934 1236 1140 1280 faceretis
1162 1245 1319 1287 contra
1336 1236 1473 1292 leges,
1497 1245 1542 1279 et

156 1303 426 1345 contrariam
457 1303 722 1345 sententiam
750 1302 858 1356 tu113
901 1312 1034 1360 atque
1066 1317 1208 1358 quum
1226 1303 1431 1347 rhetores
1450 1319 1539 1361 pa-

154 1370 245 1414 rati¹
272 1378 416 1413 essent
445 1385 520 1412 me
552 1369 730 1413 deferre
750 1379 883 1428 atque
901 1370 950 1412 in
968 1370 1037 1412 ius
1061 1370 1275 1419 educere,
1300 1386 1469 1427 vosque
1493 1371 1541 1413 id

152 1437 364 1480 iuberetis
410 1446 454 1481 et
478 1437 804 1489 acclamaretis,
860 1450 940 1495 ego
975 1436 1089 1479 mihi
1125 1453 1184 1483 ex
1214 1439 1312 1495 lege
1347 1447 1390 1481 et
1421 1439 1539 1481 iusto

152 1506 410 1564 periculum
447 1505 595 1563 potius
625 1504 909 1548 subeundum
940 1519 1074 1561 quam
1110 1505 1344 1551 vobiscum
1372 1506 1540 1549 iniusta

155 1572 495 1616 decernentibus
522 1572 784 1615 'faciendum
825 1587 919 1614 esse
952 1571 1112 1629 putavi
1136 1572 1425 1617 vinculorum
1460 1581 1539 1616 aut

150 1641 306 1684 mortis
335 1649 471 1685 metu.
513 1649 645 1698 atque
674 1639 784 1682 haec
816 1638 995 1695 quidem
1024 1639 1192 1682 fiebant
1228 1648 1352 1694 tum,
1382 1642 1536 1697 -qu‘um

151 1707 294 1751 adhuc
317 1709 538 1766 populare
559 1708 607 1750 in
628 1709 808 1751 civitate
828 1707 1075 1764 imperium
1099 1716 1218 1760 erat3
1255 1723 1397 1766 quum
1419 1707 1534 1750 illud

152 1782 299 1817 autem
332 1775 385 1818 ad
415 1790 582 1832 paucos
613 1775 906 1833 pervenisset,
940 1774 1126 1831 triginta
1157 1775 1248 1817 viri
1275 1791 1430 1819 rursus
1458 1789 1536 1817 me

152 1856 253 1883 cum
278 1849 499 1898 ,quattuor
529 1842 626 1885 aliis
655 1842 982 1886 arcessiverunt
1005 1842 1053 1884 in
1083 1841 1262 1885 tholum
1289 1851 1422 1899 atque
1443 1843 1536 1884 im-

153 1916 373 1965 perarunt
392 1923 450 1950 ex
464 1908 688 1953 Salamine
710 1910 799 1953 huc
818 1909 974 1953 adduci
989 1910 1204 1952 Leontem
1221 1910 1534 1962 Salaminium,

151 1982 204 2016 ut
234 1973 563 2018 interficeretur
575 1993 589 2028 3
631 1976 778 2032 qualia
806 1975 874 2017 illi
903 1978 1036 2018 etiam
1073 1976 1169 2018 aliis
1203 1977 1357 2018 multis
1393 1978 1537 2020 mutia

150 2041 458 2099 imperabant,
512 2055 651 2097 quum
692 2057 825 2097 quam
855 2042 1076 2098 plurimos
1108 2043 1278 2084 vellent
1302 2044 1531 2085 maculare

154 2107 435 2150 criminibus.
463 2114 569 2149 tunc
593 2122 704 2149 vero
727 2122 808 2165 ego
826 2123 978 2150 rursus
999 2123 1089 2151 non
1111 2109 1287 2159 verbis,
1314 2109 1389 2151 sed
1408 2109 1527 2153 facto

153 2175 352 2227 ostendi,
392 2189 489 2227 me,
530 2174 618 2217 nisi
647 2173 942 2216 subrusticum
971 2185 1037 2219 est
1067 2167 1219 2227 dictu,
1259 2177 1372 2218 nihil
1393 2177 1528 2236 plane

152 2252 342 2285 mortem
364 2257 537 2292 curare,
553 2250 605 2285 ut
626 2252 775 2285 autem
794 2241 908 2284 nihil
926 2243 1142 2286 iniustum
1167 2258 1312 2300 neque
1331 2244 1525 2302 impium

152 2309 495 2360 committerem,
525 2309 574 2351 in
596 2324 649 2350 eo
669 2322 848 2351 omnem
870 2311 1041 2353 versari
1065 2325 1221 2354 curam
1243 2326 1404 2353 meam.
1446 2310 1523 2352 me

150 2375 329 2432 quidem
361 2377 436 2419 illa
465 2384 655 2433 potestas
686 2375 803 2418 adeo'
826 2377 1021 2420 violenta
1051 2393 1144 2419 uon
1175 2378 1443 2435 perterruit,
1473 2385 1522 2419 ut

149 2443 364 2486 iniustum
404 2445 639 2500 quicquam
687 2443 1040 2498 committerem,
1088 2446 1163 2488 sed
1207 2454 1257 2489 ut
1298 2460 1356 2488 ex
1398 2444 1523 2491 tholo

152 2511 315 2566 egressi
347 2526 524 2562 summ,
572 2511 705 2555 ceteri
737 2520 943 2569 quattuor
977 2514 1158 2557 iverunt
1192 2512 1416 2555 Salamina
1452 2518 1521 2551 at-

151 2593 237 2633 que
256 2576 342 2619 hue
362 2577 646 2622 adduxerunt
664 2578 878 2622 Leontem
894 2610 906 2629 ‚
951 2595 1032 2637 ego
1056 2588 1206 2622 autem
1227 2581 1299 2623 abi
1318 2579 1520 2621 domum.
