1734 2872
366 191 455 238 DE
498 192 712 238 LUCRI
756 191 1223 236 CUPIDI'I'ATEi‘
1365 200 1458 239 349

86 318 260 362 'deinde
280 329 305 358 e
323 316 540 374 sapientia
564 328 674 375 sua,
711 327 844 371 quam
874 313 1040 370 partim
1069 310 1283 358 didicerat
1299 311 1466 371 partim

99 388 196 445 ipse
231 385 489 435 invenerat,
525 383 633 438 legit
662 395 777 438 quae
814 380 1140 438 sapientissima
1178 379 1468 432 existimavit,

101 467 236 512 eaque
257 450 454 494 versibus
477 448 680 504 elegiacis
698 448 868 490 inclusa
882 447 1178 504 suapoe‘mata
1199 455 1242 489 et
1254 446 1469 504 sapienti-

88 531 151 564 'ae
171 519 414 578 specimina
434 515 688 572 inscripsit,
715 523 764 558 ut
794 514 994 572 primum
1016 513 1255 571 Delphicas
1273 514 1483 572 inscrip—

34 594 41 600 ”
102 588 245 630 tiones
275 586 494 643 sapientes
519 583 618 625 illas
646 597 705 625 ne
724 582 1054 625 admirarentur
1072 582 1191 623 cives
1213 581 1375 639 ipsius,
1411 581 1472 624 il-

99 654 176 697 lud
197 656 341 698 Nosce
371 662 414 696 te
443 653 591 711 ipsum
623 653 669 694 et‘
695 650 822 693 Nihil
854 648 991 693 nimis
1021 655 1067 691 et
1093 649 1266 706 reliqua
1297 649 1474 705 generis

103 723 327 773 eiusdem,
358 716 434 762 sed
462 718 710 777 Hipparchi
741 725 979 776 praecepta
1012 716 1281 775 sapientiora
1315 716 1474 758 existi-

102 797 278 832 marent
291 821 303 842 ,
329 787 490 831 deinde
507 791 843 846 praetereuntes
864 786 937 828 hic
959 784 1049 828 illic
1070 791 1115 826 et
1141 785 1336 842 legentes
1357 785 1476 826 eius-

106 872 193 913 que
224 856 488 915 sapientiam
511 858 742 912 'gustantes
774 869 833 896 ex
855 853 970 910 agris
991 852 1263 904 ventitarent
1285 850 1340 892 ad
1363 851 1476 894 reli—

109 938 194 979 qua
217 937 395 979 quoque
413 921 712 980 percipienda.
746 929 848 964 sunt
865 935 972 963 vero
1005 919 1116 961 duae
1139 918 1477 975 inscriptiones;

108 1006 134 1032 a
159 990 338 1032 sinistra
368 991 581 1046 cuiusque
606 989 838 1031 columnae
859 985 1102 1044 inscriptus
1133 993 1197 1028 est
1225 987 1478 1032 Mercurius

112 1056 262 1100 dicens
281 1056 330 1099 in
352 1058 502 1100 medio
524 1057 649 1099 urbis
674 1065 719 1101 et
734 1056 837 1114 pagi
857 1069 904 1098 se
922 1054 1115 1113 positum
1137 1067 1242 1108 esse,
1264 1071 1290 1098 a
1310 1053 1477 1098 dextra.

168 1158 546 1214 Praeceptum
562 1155 904 1215 Hipparchi,
925 1156 1080 1198 iusta
1103 1163 1264 1198 tuere
1293 1156 1479 1200 animo

114 1258 236 1303 dicit.
265 1265 369 1301 sunt
405 1263 554 1300 autem
593 1256 800 1315 poi-'mata
836 1269 975 1313 quum
1019 1257 1104 1300 alia
1141 1257 1191 1299 in
1229 1256 1324 1301 aliis
1363 1257 1482 1298 Her-

112 1327 199 1370 mis
225 1325 366 1369 multa
397 1333 441 1367 et
472 1326 701 1383 praeclara
731 1324 968 1381 inscripta,
998 1333 1094 1366 tum
1123 1323 1211 1366 hoc
1241 1339 1416 1381 quoque
1433 1319 1503 1366 in*

115 1394 301 1438 Stiriaca
320 1391 417 1445 via,
444 1392 494 1435 in
523 1407 609 1448 quo
633 1390 764 1435 dicit:
802 1406 869 1434 ne
900 1391 1023 1448 quis
1049 1391 1301 1434 amicum
1330 1391 1483 1434 deci-

114 1462 254 1520 pito.
280 1460 372 1503 iam
398 1473 479 1516 ego
507 1468 553 1502 te
571 1461 647 1516 qui
670 1458 783 1502 mihi
805 1459 973 1501 amicus
996 1459 1054 1501 sis
1082 1457 1199 1501 haud
1219 1475 1324 1502 sane
1343 1460 1484 1502 susti-

114 1543 247 1572 neam
276 1527 482 1585 decipere
513 1535 559 1570 et
590 1526 659 1569 illi
680 1527 756 1569 tali
786 1527 888 1569 viro
918 1540 1197 1583 repugnare,
1235 1542 1321 1583 quo
1352 1527 1487 1569 etiam

116 1605 296 1640 :mortuo
315 1604 407 1639 tres
430 1609 515 1652 per
536 1607 675 1637 annos
697 1594 986 1637 Athenienses
1018 1593 1168 1636 fratris
1199 1595 1269 1637 sui
1294 1593 1488 1653 Hippiae

120 1662 414 1707 dominationi
449 1670 576 1704 eraut
609 1661 821 1715 subiecti3
864 1670 907 1704 et
931 1675 990 1704 ex
1020 1662 1227 1703 omnibus
1263 1661 1487 1704 audiveris

118 1732 367 1775 senioribus
396 1729 476 1771 hos
511 1729 626 1771 solos
654 1744 738 1787 per
774 1744 914 1771 annos
961 1729 1240 1772 dominatum
1271 1729 1490 1771 exstitisse

121 1793 334 1849 Athenis,
371 1795 597 1853 reliquum
628 1812 736 1839 vero
762 1805 938 1854 tempus
964 1797 1295 1855 propemodum
1322 1796 1491 1839 vixisse

122 1865 416 1911 Athenienses
445 1873 672 1920 tamquam
700 1863 891 1907 Saturno
922 1873 1150 1922 regnante.
1188 1865 1354 1908 dicitur
1382 1880 1491 1906 vero

122 1935 177 1977 ab
199 1932 454 1974 hominibus
474 1931 790 1973 eruditioribus
813 1932 947 1974 etiam
966 1948 1087 1974 mors
1107 1933 1246 1990 ipsius
1267 1933 1381 1975 facta
1401 1947 1495 1973 esse

115 2014 234 2051 non,
251 2009 300 2043 ut
318 1998 554 2040 multitudo
569 1998 784 2050 credebat,
798 1999 900 2055 quia
913 2015 1037 2040 soror
1051 2015 1075 2040 a
1093 2001 1285 2043 canistro
1305 1998 1493 2041 ferendo

123 2067 355 2129 prohibita
371 2065 562 2122 ideoque
580 2065 826 2122 ignominia
851 2066 1005 2108 affecta
1026 2075 1119 2109 erat
1137 2068 1261 2120 (nam
1280 2067 1368 2109 hoc
1396 2067 1496 2124 qui-

127 2136 229 2178 dem
260 2134 528 2186 insulsum),
565 2132 642 2174 sed
685 2133 787 2189 quia
824 2133 1093 2176 Harmodius
1117 2134 1166 2176 in
1203 2133 1371 2177 deliciis
1403 2143 1498 2178 erat

129 2201 420 2260 Aristogitoni
442 2210 485 2243 et
509 2201 560 2241 ab
589 2200 674 2242 hoc
697 2200 935 2244 institutus.
965 2202 1092 2244 valde
1122 2202 1260 2259 igitur
1278 2202 1496 2259 gloriaba-

131 2279 207 2313 tur
230 2269 362 2312 etiam
393 2268 638 2325 Aristogito
669 2269 717 2311 in
737 2283 788 2310 eo
822 2269 935 2325 quod
970 2269 1199 2313 hominem
1231 2269 1497 2323 instituerat,

132 2344 177 2378 et
194 2337 419 2380 aemulum
440 2337 621 2395 putabat
655 2351 747 2378 esse
767 2336 1085 2394 Hipparchum.
1112 2338 1192 2380 illo
1214 2346 1360 2381 autem
1380 2345 1498 2380 tem-

131 2419 243 2463 pore
281 2404 428 2461 ipsum
468 2405 648 2447 tradunt
697 2405 990 2448 Harmodium
1023 2406 1236 2448 iuvenem
1277 2406 1496 2464 quendam

131 2471 370 2528 pulchrum
386 2481 430 2514 et
451 2472 691 2529 ingenuum
708 2467 859 2515 eorum
884 2474 960 2529 qui
975 2483 1077 2516 tunc
1096 2474 1332 2516 floruerint
1346 2489 1498 2516 amore

134 2539 391 2595 amplexum
417 2554 532 2594 esseg
563 2548 606 2581 et
626 2540 827 2582 referunt
848 2541 938 2582 eius
962 2556 1141 2592 nomen,
1174 2557 1252 2599 ego
1277 2557 1385 2583 vero
1407 2557 1496 2582 uon

134 2607 335 2649 memini.
372 2614 502 2662 atque
530 2607 740 2651 iuvenem
776 2607 896 2651 hunc
932 2608 1204 2665 aliquamdiu
1226 2607 1496 2653 'admiratum
