1734 2872
432 119 857 183 ALCIBIADES
906 116 1179 181 Fumo-s,
1405 141 1495 188 ἐπ

241 266 310 309 'AL
369 258 648 304 Conducunt.

105 340 113 347 ¹
179 323 182 326 ⁴
238 334 306 371 So.
363 320 672 371 Meministine
693 326 748 370 de
766 325 894 368 iustis
911 325 1022 394 quid
1045 306 1249 378 confessi
1263 310 1432 381 3ἷὲιῇιεῖ

239 387 310 438 At.
371 393 582 438 Arbium
611 387 809 455 quidem
817 390 906 450 qui
900 390 1040 434 iusta
1055 387 1418 450 exsequeientur
1423 391 1501 440 eos

131 478 307 510 necesse
329 477 423 504 esse
438 453 628 520 palcina
647 457 847 515 exsequi.
1038 501 1041 506 f
1363 461 1372 478 ²
1389 473 1395 478 ·
1434 458 1473 480 ³

326 528 517 573 Nonne
557 527 691 570 etiam
721 525 798 583 qui
827 515 1040 584 pulchra
1048 528 1404 586 exsequeientui
1419 531 1511 575 eds-

127 601 242 642 bona
238 534 482 652 Sexsequi?

239 669 311 710 Al.
365 664 503 708 Vero.
612 708 614 710 ,
660 724 665 727 ¹

239 737 306 776 So.
359 733 484 775 Bona
505 736 655 774 autem
677 729 804 775 utilia
825 728 952 774 esse?

237 803 306 844 Al.
361 798 521 842 Etiam.

242 870 309 911 So.
366 866 488 924 Ergo
508 866 623 913 iusta
637 898 648 919 ‚
678 865 935 918 Alcibiade,
962 865 1090 909 utilia
1113 874 1228 910 sunt.

240 937 311 974 Al.
370 933 487 976 Sane
508 933 714 989 quidem,
743 941 795 975 ut
812 931 1005 976 videtur.

241 1003 306 1044 So.
365 999 491 1056 Quid
518 999 690 1056 igitur‘.>
727 999 837 1041 haec
873 1014 1024 1042 nonne
1052 1009 1102 1043 tu
1127 999 1259 1054 dicis,
1287 996 1506 1060 *ego'veisso

133 1067 396 1123 interrogo?

242 1136 311 1174 Al.
368 1133 465 1190 Ego
488 1148 615 1186 sane,
643 1142 694 1177 ut
715 1134 910 1176 videtur.

241 1203 309 1244 So.
365 1201 460 1243 Iam
489 1200 528 1242 si
558 1200 656 1257 quis
680 1217 757 1243 sm
759 1211 831 1258 gat
861 1202 916 1246 ad
936 1179 1185 1243 consilium
1187 1200 1391 1248 dandum
1412 1204 1478 1247 siv
1483 1221 1508 1246 e

132 1265 478 1310 Atheniensibus
497 1267 589 1310 sive
608 1267 752 1325 Pepa1
755 1268 902 1318 ethiis,
931 1283 980 1309 ai
972 1267 1072 1309 biti
1075 1283 1153 1310 ans
1173 1284 1220 1310 se
1241 1278 1510 1339 cognoscem

133 1335 246 1376 iusta
277 1343 320 1377 et
351 1334 537 1388 iniusta,
576 1334 691 1377 dicat
722 1349 833 1377 veio
867 1335 984 1377 iusta
1011 1343 1355 1402 nonnumquam
1390 1339 1511 1382 mala

134 1415 251 1454 esse,
289 1416 441 1444 nonne
468 1411 519 1446 tu
546 1417 649 1445 eum
670 1401 816 1444 11de‘1s
824 1434 840 1453 ,
881 1401 1104 1459 siquidem
1128 1410 1176 1446 tu
1195 1412 1376 1483 qnoque
1400 1405 1509 1449 dicis

135 1470 289 1513 eadem
311 1484 404 1513 esse
421 1469 534 1512 iusta
555 1477 599 1512 et
617 1469 777 1512 utilia?

241 1540 311 1582 Al.
367 1539 428 1582 At
465 1552 549 1595 per
586 1536 713 1589 deos,
766 1535 973 1589 Socrate,
1009 1538 1159 1579 nescio
1187 1537 1396 1594 equidem
1426 1555 1511 1583 nec

133 1605 252 1661 quid
271 1605 441 1657 dicam,
490 1603 566 1646 sed
595 1618 755 1647 reveia
783 1603 942 1646 videm
973 1603 1298 1648 admirabiliter
1326 1606 1511 1650 affectus

134 1687 253 1726 esse3
278 1672 411 1715 modo
434 1672 556 1715 enim
579 1671 694 1715 mihi
715 1670 799 1714 alia
808 1670 1017 1714 videntur
1029 1687 1123 1714 esse
1135 1681 1177 1715 te
1190 1673 1510 1731 interrogante,

133 1739 268 1782 modo
289 1740 386 1783 alia

244 1811 312 1850 So.
368 1806 490 1866 Ergo
521 1807 687 1863 nescis,
724 1808 892 1858 amice,
928 1822 1043 1865 quae
1076 1808 1134 1852 sit
1166 1807 1276 1851 haec
1300 1818 1378 1868 tua
1399 1825 1510 1861 con·-⁴

138 1871 245 1915 ditio
258 1874 280 1915 ’ἓ

248 1942 318 1982 ΑΖ.
375 1939 490 1982 Sane
509 1941 703 1997 quidem.

248 2008 314 2046 So.
369 2007 557 2048 Putasne
577 2007 737 2064 igitur,
777 2010 814 2050 si
836 2009 934 2064 quis
957 2024 1015 2052 ex
1037 2018 1082 2052 te
1102 2018 1309 2066 quaerat,
1341 2011 1512 2056 duosne

138 2071 289 2115 oculos
321 2087 379 2116 an
398 2081 487 2116 tres
503 2072 688 2125 habeas,
727 2080 768 2114 et
788 2074 895 2116 duas
915 2090 1071 2117 manus
1095 2090 1151 2117 an
1174 2084 1402 2131 quattuor,
1436 2081 1513 2124 vel

137 2140 254 2182 aliud
274 2139 379 2197 quid
399 2140 573 2197 generis
594 2139 817 2191 eiusdem,
854 2147 899 2182 te
920 2141 1057 2183 modo
1081 2141 1167 2184 aIIa
1184 2156 1521 2202 responsurum?

139 2220 231 2249 esse
246 2239 262 2258 ,
289 2207 424 2250 modo
449 2207 533 2249 alia
550 2236 560 2256 ,
590 2222 645 2249 an
667 2221 844 2263 semper
864 2207 1051 2250 eadem?

247 2277 318 2316 Al.
377 2274 537 2317 Timeo
558 2273 739 2330 quidem
757 2274 848 2317 iam
865 2273 979 2318 mihi
999 2276 1118 2332 ipse,
1147 2277 1342 2323 arbitror
1359 2289 1509 2328 tamen

140 2338 290 2384 eadem
313 2357 387 2385 me
410 2356 729 2399 responsurum
756 2357 865 2385 esse.

248 2408 316 2449 So.
372 2410 534 2452 Nonne
555 2409 655 2465 quia
676 2410 887 2468 intelligis
907 2409 1022 2463 ista?
1051 2411 1160 2455 haec
1183 2422 1246 2457 est
1265 2419 1430 2459 causa?

247 2475 319 2516 Al.
377 2477 554 2532 Opinoi
575 2476 794 2533 equidem.

248 2542 313 2582 So.
369 2541 439 2583 De
470 2545 627 2600 quibus
649 2544 788 2600 igitur
809 2545 976 2594 invitus
1003 2550 1225 2592 contralia
1247 2551 1506 2609 respondeS‚

139 2603 222 2645 hor
214 2620 301 2649 um
323 2614 364 2648 te
383 2616 506 2665 patet
527 2612 697 2654 nullam
718 2612 946 2656 scientiam
965 2614 1143 2659 habere.
