<?xml version="1.0" encoding="UTF-8"?>
<!DOCTYPE html PUBLIC "-//W3C//DTD XHTML 1.0 Transitional//EN"
    "http://www.w3.org/TR/xhtml1/DTD/xhtml1-transitional.dtd">
<html xmlns="http://www.w3.org/1999/xhtml" xml:lang="en" lang="en">
 <head>
  <title>
</title>
<meta http-equiv="Content-Type" content="text/html;charset=utf-8" />
  <meta name='ocr-system' content='tesseract 3.04.00' />
  <meta name='ocr-capabilities' content='ocr_page ocr_carea ocr_par ocr_line ocrx_word'/>
</head>
<body>
  <div class='ocr_page' id='page_1' title='image "./quaeexstantopera08platuoft_0319.png"; bbox 0 0 1734 2872; ppageno 0'>
   <div class='ocr_carea' id='block_1_1' title="bbox 7 694 25 755">
    <p class='ocr_par' dir='ltr' id='par_1_1' title="bbox 7 694 25 755">
     <span class='ocr_line' id='line_1_1' title="bbox 7 694 25 755; textangle 90"><span class='ocrx_word' id='word_1_1' title='bbox 8 749 13 755; x_wconf 79' lang='lat'><em>⁷</em></span> <span class='ocrx_word' id='word_1_2' title='bbox 7 694 25 746; x_wconf 52' lang='lat'><strong>2¹22*</strong></span> 
     </span>
    </p>
   </div>
   <div class='ocr_carea' id='block_1_2' title="bbox 641 20 659 38">
    <p class='ocr_par' dir='ltr' id='par_1_2' title="bbox 641 20 659 38">
     <span class='ocr_line' id='line_1_2' title="bbox 641 20 659 38; baseline 0 0"><span class='ocrx_word' id='word_1_3' title='bbox 641 20 659 38; x_wconf 58' lang='lat' dir='ltr'>N</span> 
     </span>
    </p>
   </div>
   <div class='ocr_carea' id='block_1_3' title="bbox 466 123 1557 198">
    <p class='ocr_par' dir='ltr' id='par_1_3' title="bbox 466 123 1557 198">
     <span class='ocr_line' id='line_1_3' title="bbox 466 123 1557 198; baseline 0.004 -19"><span class='ocrx_word' id='word_1_4' title='bbox 466 138 891 182; x_wconf 80' lang='lat' dir='ltr'><strong>ALCIBIADES</strong></span> <span class='ocrx_word' id='word_1_5' title='bbox 935 123 1301 198; x_wconf 4' lang='lat' dir='ltr'><strong>sEcuwnnus.</strong></span> <span class='ocrx_word' id='word_1_6' title='bbox 1468 147 1557 183; x_wconf 78' lang='lat'><strong>311</strong></span> 
     </span>
    </p>
   </div>
   <div class='ocr_carea' id='block_1_4' title="bbox 169 255 1589 1195">
    <p class='ocr_par' dir='ltr' id='par_1_4' title="bbox 169 255 1589 1195">
     <span class='ocr_line' id='line_1_4' title="bbox 289 255 1559 315; baseline 0 -16"><span class='ocrx_word' id='word_1_7' title='bbox 289 255 364 300; x_wconf 69' lang='lat' dir='ltr'><strong>Al.</strong></span> <span class='ocrx_word' id='word_1_8' title='bbox 419 255 524 299; x_wconf 89' lang='lat' dir='ltr'><strong>Non</strong></span> <span class='ocrx_word' id='word_1_9' title='bbox 551 266 665 315; x_wconf 88' lang='lat' dir='ltr'><strong>puto</strong></span> <span class='ocrx_word' id='word_1_10' title='bbox 684 255 918 313; x_wconf 64' lang='lat' dir='ltr'><strong>equidemg,</strong></span> <span class='ocrx_word' id='word_1_11' title='bbox 956 255 1180 312; x_wconf 86' lang='lat' dir='ltr'><strong>quomodo</strong></span> <span class='ocrx_word' id='word_1_12' title='bbox 1205 255 1350 310; x_wconf 87' lang='lat' dir='ltr'><strong>enim,</strong></span> <span class='ocrx_word' id='word_1_13' title='bbox 1384 256 1424 300; x_wconf 84' lang='lat' dir='ltr'><strong>si</strong></span> <span class='ocrx_word' id='word_1_14' title='bbox 1443 257 1559 300; x_wconf 78' lang='lat' dir='ltr'><strong>nulli</strong></span> 
     </span>
     <span class='ocr_line' id='line_1_5' title="bbox 186 323 1337 378; baseline -0.002 -9"><span class='ocrx_word' id='word_1_15' title='bbox 186 323 294 371; x_wconf 70' lang='lat' dir='ltr'><strong>mihi</strong></span> <span class='ocrx_word' id='word_1_16' title='bbox 320 323 420 366; x_wconf 88' lang='lat' dir='ltr'><strong>usui</strong></span> <span class='ocrx_word' id='word_1_17' title='bbox 441 323 625 368; x_wconf 76' lang='lat' dir='ltr'><strong>forent?</strong></span> <span class='ocrx_word' id='word_1_18' title='bbox 709 329 712 331; x_wconf 82' lang='grc'><strong>’</strong></span> <span class='ocrx_word' id='word_1_19' title='bbox 1307 375 1309 378; x_wconf 13' lang='grc' dir='ltr'><em>Α</em></span> <span class='ocrx_word' id='word_1_20' title='bbox 1334 364 1337 367; x_wconf 89' lang='grc'>.</span> 
     </span>
     <span class='ocr_line' id='line_1_6' title="bbox 223 387 1554 449; baseline 0.004 -20"><span class='ocrx_word' id='word_1_21' title='bbox 223 428 226 429; x_wconf 16' lang='lat'><em>⁷</em></span> <span class='ocrx_word' id='word_1_22' title='bbox 289 392 360 434; x_wconf 87' lang='lat' dir='ltr'><strong>So.</strong></span> <span class='ocrx_word' id='word_1_23' title='bbox 419 390 566 449; x_wconf 71' lang='lat' dir='ltr'><strong>Quid,</strong></span> <span class='ocrx_word' id='word_1_24' title='bbox 602 390 642 434; x_wconf 86' lang='lat' dir='ltr'><strong>si</strong></span> <span class='ocrx_word' id='word_1_25' title='bbox 669 390 787 438; x_wconf 85' lang='lat' dir='ltr'><strong>male</strong></span> <span class='ocrx_word' id='word_1_26' title='bbox 808 397 852 433; x_wconf 88' lang='lat' dir='ltr'><strong>et</strong></span> <span class='ocrx_word' id='word_1_27' title='bbox 870 387 1125 448; x_wconf 77' lang='lat' dir='ltr'><strong>perniciose</strong></span> <span class='ocrx_word' id='word_1_28' title='bbox 1149 389 1204 432; x_wconf 84' lang='lat' dir='ltr'><strong>iis</strong></span> <span class='ocrx_word' id='word_1_29' title='bbox 1223 404 1386 434; x_wconf 84' lang='lat' dir='ltr'><strong>usurus</strong></span> <span class='ocrx_word' id='word_1_30' title='bbox 1407 392 1554 441; x_wconf 73' lang='lat' dir='ltr'><strong>esses?</strong></span> 
     </span>
     <span class='ocr_line' id='line_1_7' title="bbox 179 455 1089 516; baseline -0.005 -13"><span class='ocrx_word' id='word_1_31' title='bbox 179 474 239 503; x_wconf 82' lang='lat' dir='ltr'><strong>ne</strong></span> <span class='ocrx_word' id='word_1_32' title='bbox 257 460 319 504; x_wconf 84' lang='lat' dir='ltr'><strong>ita</strong></span> <span class='ocrx_word' id='word_1_33' title='bbox 340 459 520 516; x_wconf 81' lang='lat' dir='ltr'><strong>quidem</strong></span> <span class='ocrx_word' id='word_1_34' title='bbox 534 458 557 500; x_wconf 80' lang='lat'><strong>¹?</strong></span> <span class='ocrx_word' id='word_1_35' title='bbox 1078 455 1089 465; x_wconf 66' lang='lat'><strong>‘&#39;</strong></span> 
     </span>
     <span class='ocr_line' id='line_1_8' title="bbox 286 525 1563 579; baseline -0.002 -9"><span class='ocrx_word' id='word_1_36' title='bbox 286 527 364 570; x_wconf 84' lang='lat' dir='ltr'><strong>Al.</strong></span> <span class='ocrx_word' id='word_1_37' title='bbox 418 525 625 570; x_wconf 85' lang='lat' dir='ltr'><strong>Minime.</strong></span> <span class='ocrx_word' id='word_1_38' title='bbox 1561 577 1563 579; x_wconf 33' lang='grc'><strong>,</strong></span> 
     </span>
     <span class='ocr_line' id='line_1_9' title="bbox 232 593 1555 651; baseline -0.001 -13"><span class='ocrx_word' id='word_1_39' title='bbox 232 594 235 598; x_wconf 64' lang='grc'><em>’</em></span> <span class='ocrx_word' id='word_1_40' title='bbox 286 596 360 638; x_wconf 88' lang='lat' dir='ltr'><strong>So.</strong></span> <span class='ocrx_word' id='word_1_41' title='bbox 416 593 554 637; x_wconf 84' lang='lat' dir='ltr'><strong>Vides</strong></span> <span class='ocrx_word' id='word_1_42' title='bbox 585 593 723 651; x_wconf 85' lang='lat' dir='ltr'><strong>igitur</strong></span> <span class='ocrx_word' id='word_1_43' title='bbox 754 608 842 636; x_wconf 89' lang='lat' dir='ltr'><strong>non</strong></span> <span class='ocrx_word' id='word_1_44' title='bbox 870 601 1018 637; x_wconf 86' lang='lat' dir='ltr'><strong>tutum</strong></span> <span class='ocrx_word' id='word_1_45' title='bbox 1040 608 1134 636; x_wconf 87' lang='lat' dir='ltr'><strong>esse</strong></span> <span class='ocrx_word' id='word_1_46' title='bbox 1156 608 1206 635; x_wconf 86' lang='lat' dir='ltr'><strong>ea</strong></span> <span class='ocrx_word' id='word_1_47' title='bbox 1227 608 1338 650; x_wconf 87' lang='lat' dir='ltr'><strong>quae</strong></span> <span class='ocrx_word' id='word_1_48' title='bbox 1358 594 1555 637; x_wconf 76' lang='lat' dir='ltr'><strong>offeran-</strong></span> 
     </span>
     <span class='ocr_line' id='line_1_10' title="bbox 175 661 1555 720; baseline -0.001 -17"><span class='ocrx_word' id='word_1_49' title='bbox 175 671 248 704; x_wconf 71' lang='lat' dir='ltr'><strong>tur</strong></span> <span class='ocrx_word' id='word_1_50' title='bbox 277 663 527 706; x_wconf 82' lang='lat' dir='ltr'>inconsulte</span> <span class='ocrx_word' id='word_1_51' title='bbox 546 662 750 719; x_wconf 86' lang='lat' dir='ltr'><strong>accipere</strong></span> <span class='ocrx_word' id='word_1_52' title='bbox 768 663 841 705; x_wconf 89' lang='lat' dir='ltr'><strong>vel</strong></span> <span class='ocrx_word' id='word_1_53' title='bbox 863 661 1013 720; x_wconf 87' lang='lat' dir='ltr'><strong>ipsum</strong></span> <span class='ocrx_word' id='word_1_54' title='bbox 1035 661 1214 719; x_wconf 84' lang='lat' dir='ltr'><strong>precari</strong></span> <span class='ocrx_word' id='word_1_55' title='bbox 1236 670 1288 703; x_wconf 86' lang='lat' dir='ltr'><strong>ut</strong></span> <span class='ocrx_word' id='word_1_56' title='bbox 1309 661 1555 718; x_wconf 73' lang='lat' dir='ltr'>obtingant,</span> 
     </span>
     <span class='ocr_line' id='line_1_11' title="bbox 175 729 1554 787; baseline 0.001 -15"><span class='ocrx_word' id='word_1_57' title='bbox 175 731 213 772; x_wconf 89' lang='lat' dir='ltr'><strong>si</strong></span> <span class='ocrx_word' id='word_1_58' title='bbox 253 731 351 787; x_wconf 88' lang='lat' dir='ltr'><strong>quis</strong></span> <span class='ocrx_word' id='word_1_59' title='bbox 385 729 601 772; x_wconf 87' lang='lat' dir='ltr'><strong>damnum</strong></span> <span class='ocrx_word' id='word_1_60' title='bbox 631 729 688 772; x_wconf 88' lang='lat' dir='ltr'><strong>sit</strong></span> <span class='ocrx_word' id='word_1_61' title='bbox 719 729 825 772; x_wconf 86' lang='lat' dir='ltr'><strong>in‘de</strong></span> <span class='ocrx_word' id='word_1_62' title='bbox 856 729 1058 773; x_wconf 83' lang='lat' dir='ltr'><strong>facturus</strong></span> <span class='ocrx_word' id='word_1_63' title='bbox 1086 729 1162 772; x_wconf 85' lang='lat' dir='ltr'><strong>vel</strong></span> <span class='ocrx_word' id='word_1_64' title='bbox 1193 729 1377 771; x_wconf 88' lang='lat' dir='ltr'><strong>omnino</strong></span> <span class='ocrx_word' id='word_1_65' title='bbox 1411 731 1554 773; x_wconf 86' lang='lat' dir='ltr'><strong>vitam.</strong></span> 
     </span>
     <span class='ocr_line' id='line_1_12' title="bbox 174 797 1553 855; baseline -0.001 -17"><span class='ocrx_word' id='word_1_66' title='bbox 174 798 430 841; x_wconf 78' lang='lat' dir='ltr'><strong>amissurus.</strong></span> <span class='ocrx_word' id='word_1_67' title='bbox 479 797 646 841; x_wconf 81' lang='lat' dir='ltr'><strong>etenim</strong></span> <span class='ocrx_word' id='word_1_68' title='bbox 688 798 820 841; x_wconf 83' lang='lat' dir='ltr'><strong>multi</strong></span> <span class='ocrx_word' id='word_1_69' title='bbox 866 811 977 855; x_wconf 85' lang='lat' dir='ltr'><strong>quos</strong></span> <span class='ocrx_word' id='word_1_70' title='bbox 997 797 1167 855; x_wconf 86' lang='lat' dir='ltr'><strong>possim</strong></span> <span class='ocrx_word' id='word_1_71' title='bbox 1196 811 1553 839; x_wconf 81' lang='lat' dir='ltr'><strong>commemorare</strong></span> 
     </span>
     <span class='ocr_line' id='line_1_13' title="bbox 172 864 1589 923; baseline -0.001 -17"><span class='ocrx_word' id='word_1_72' title='bbox 172 864 262 907; x_wconf 82' lang='lat' dir='ltr'><strong>iam</strong></span> <span class='ocrx_word' id='word_1_73' title='bbox 288 866 557 909; x_wconf 87' lang='lat' dir='ltr'><strong>exstiterunt</strong></span> <span class='ocrx_word' id='word_1_74' title='bbox 579 866 655 923; x_wconf 88' lang='lat' dir='ltr'><strong>qui</strong></span> <span class='ocrx_word' id='word_1_75' title='bbox 675 865 962 923; x_wconf 80' lang='lat' dir='ltr'><strong>tyrannidem</strong></span> <span class='ocrx_word' id='word_1_76' title='bbox 984 864 1238 907; x_wconf 82' lang='lat' dir='ltr'><strong>affectantes</strong></span> <span class='ocrx_word' id='word_1_77' title='bbox 1255 864 1389 920; x_wconf 86' lang='lat' dir='ltr'><strong>idque</strong></span> <span class='ocrx_word' id='word_1_78' title='bbox 1413 878 1550 920; x_wconf 84' lang='lat' dir='ltr'><strong>agen-</strong></span> <span class='ocrx_word' id='word_1_79' title='bbox 1586 907 1589 911; x_wconf 58' lang='grc'>,</span> 
     </span>
     <span class='ocr_line' id='line_1_14' title="bbox 172 932 1549 991; baseline -0.001 -18"><span class='ocrx_word' id='word_1_80' title='bbox 172 938 239 974; x_wconf 82' lang='lat' dir='ltr'><strong>tes</strong></span> <span class='ocrx_word' id='word_1_81' title='bbox 260 941 310 974; x_wconf 88' lang='lat' dir='ltr'><strong>ut</strong></span> <span class='ocrx_word' id='word_1_82' title='bbox 330 932 440 989; x_wconf 82' lang='lat' dir='ltr'><strong>ipsis</strong></span> <span class='ocrx_word' id='word_1_83' title='bbox 462 933 742 990; x_wconf 86' lang='lat' dir='ltr'><strong>obtingeret,</strong></span> <span class='ocrx_word' id='word_1_84' title='bbox 778 933 890 976; x_wconf 85' lang='lat' dir='ltr'><strong>boni</strong></span> <span class='ocrx_word' id='word_1_85' title='bbox 911 932 1016 991; x_wconf 88' lang='lat' dir='ltr'><strong>quid</strong></span> <span class='ocrx_word' id='word_1_86' title='bbox 1037 947 1084 975; x_wconf 86' lang='lat' dir='ltr'><strong>se</strong></span> <span class='ocrx_word' id='word_1_87' title='bbox 1106 939 1311 990; x_wconf 85' lang='lat' dir='ltr'><strong>putantes</strong></span> <span class='ocrx_word' id='word_1_88' title='bbox 1336 945 1549 987; x_wconf 83' lang='lat' dir='ltr'><strong>assequu-</strong></span> 
     </span>
     <span class='ocr_line' id='line_1_15' title="bbox 172 998 1550 1058; baseline 0.001 -19"><span class='ocrx_word' id='word_1_89' title='bbox 172 1005 294 1041; x_wconf 87' lang='lat' dir='ltr'><strong>turos</strong></span> <span class='ocrx_word' id='word_1_90' title='bbox 325 1012 445 1051; x_wconf 85' lang='lat' dir='ltr'><strong>esse,</strong></span> <span class='ocrx_word' id='word_1_91' title='bbox 488 1009 678 1058; x_wconf 87' lang='lat' dir='ltr'><strong>propter</strong></span> <span class='ocrx_word' id='word_1_92' title='bbox 710 1000 997 1057; x_wconf 78' lang='lat' dir='ltr'><strong>tyrannidem</strong></span> <span class='ocrx_word' id='word_1_93' title='bbox 1025 1015 1109 1058; x_wconf 85' lang='lat' dir='ltr'><strong>per</strong></span> <span class='ocrx_word' id='word_1_94' title='bbox 1134 998 1316 1042; x_wconf 85' lang='lat' dir='ltr'><strong>insidias</strong></span> <span class='ocrx_word' id='word_1_95' title='bbox 1344 998 1438 1041; x_wconf 85' lang='lat' dir='ltr'><strong>vita</strong></span> <span class='ocrx_word' id='word_1_96' title='bbox 1460 998 1550 1041; x_wconf 83' lang='lat' dir='ltr'><strong>sint:</strong></span> 
     </span>
     <span class='ocr_line' id='line_1_16' title="bbox 170 1057 1550 1126; baseline -0.001 -19"><span class='ocrx_word' id='word_1_97' title='bbox 170 1066 351 1123; x_wconf 83' lang='lat' dir='ltr'><strong>privati.</strong></span> <span class='ocrx_word' id='word_1_98' title='bbox 391 1081 474 1108; x_wconf 88' lang='lat' dir='ltr'><strong>nec</strong></span> <span class='ocrx_word' id='word_1_99' title='bbox 502 1082 612 1110; x_wconf 83' lang='lat' dir='ltr'><strong>vero</strong></span> <span class='ocrx_word' id='word_1_100' title='bbox 645 1074 755 1126; x_wconf 83' lang='lat' dir='ltr'><strong>puta</strong></span> <span class='ocrx_word' id='word_1_101' title='bbox 774 1078 819 1113; x_wconf 86' lang='lat' dir='ltr'><strong>te</strong></span> <span class='ocrx_word' id='word_1_102' title='bbox 838 1083 932 1110; x_wconf 91' lang='lat' dir='ltr'><strong>non</strong></span> <span class='ocrx_word' id='word_1_103' title='bbox 951 1057 1174 1111; x_wconf 70' lang='lat' dir='ltr'><strong>audivisse</strong></span> <span class='ocrx_word' id='word_1_104' title='bbox 1197 1065 1415 1108; x_wconf 83' lang='lat' dir='ltr'><strong>nonnulla</strong></span> <span class='ocrx_word' id='word_1_105' title='bbox 1433 1079 1550 1121; x_wconf 86' lang='lat' dir='ltr'><strong>quae</strong></span> 
     </span>
     <span class='ocr_line' id='line_1_17' title="bbox 169 1132 1549 1195; baseline -0.001 -20"><span class='ocrx_word' id='word_1_106' title='bbox 169 1148 262 1176; x_wconf 85' lang='lat' dir='ltr'><strong>non</strong></span> <span class='ocrx_word' id='word_1_107' title='bbox 287 1134 351 1176; x_wconf 80' lang='lat' dir='ltr'><strong>ita</strong></span> <span class='ocrx_word' id='word_1_108' title='bbox 378 1135 556 1191; x_wconf 83' lang='lat' dir='ltr'><strong>pridem</strong></span> <span class='ocrx_word' id='word_1_109' title='bbox 582 1134 698 1180; x_wconf 82' lang='lat' dir='ltr'><strong>facta</strong></span> <span class='ocrx_word' id='word_1_110' title='bbox 717 1146 844 1189; x_wconf 81' lang='lat' dir='ltr'><strong>sunt,</strong></span> <span class='ocrx_word' id='word_1_111' title='bbox 884 1151 1026 1193; x_wconf 90' lang='lat' dir='ltr'><strong>quum</strong></span> <span class='ocrx_word' id='word_1_112' title='bbox 1044 1134 1315 1195; x_wconf 29' lang='lat' dir='ltr'><strong>Arc-belaum</strong></span> <span class='ocrx_word' id='word_1_113' title='bbox 1332 1132 1549 1176; x_wconf 83' lang='lat' dir='ltr'><strong>Macedo-</strong></span> 
     </span>
    </p>
   </div>
   <div class='ocr_carea' id='block_1_5' title="bbox 118 1199 1548 1262">
    <p class='ocr_par' dir='ltr' id='par_1_5' title="bbox 118 1199 1548 1262">
     <span class='ocr_line' id='line_1_18' title="bbox 118 1199 1548 1262; baseline -0.002 -19"><span class='ocrx_word' id='word_1_114' title='bbox 118 1207 126 1216; x_wconf 63' lang='lat'>*</span> <span class='ocrx_word' id='word_1_115' title='bbox 167 1217 275 1243; x_wconf 86' lang='lat' dir='ltr'><strong>num</strong></span> <span class='ocrx_word' id='word_1_116' title='bbox 309 1211 555 1258; x_wconf 84' lang='lat' dir='ltr'><strong>tyrannum</strong></span> <span class='ocrx_word' id='word_1_117' title='bbox 586 1219 705 1262; x_wconf 84' lang='lat' dir='ltr'><strong>puer</strong></span> <span class='ocrx_word' id='word_1_118' title='bbox 734 1203 948 1255; x_wconf 84' lang='lat' dir='ltr'><strong>dilectus,</strong></span> <span class='ocrx_word' id='word_1_119' title='bbox 987 1218 1138 1246; x_wconf 86' lang='lat' dir='ltr'><strong>amans</strong></span> <span class='ocrx_word' id='word_1_120' title='bbox 1169 1202 1247 1246; x_wconf 90' lang='lat' dir='ltr'><strong>ille</strong></span> <span class='ocrx_word' id='word_1_121' title='bbox 1268 1199 1448 1258; x_wconf 88' lang='lat' dir='ltr'><strong>quidem</strong></span> <span class='ocrx_word' id='word_1_122' title='bbox 1469 1207 1548 1256; x_wconf 86' lang='lat' dir='ltr'><strong>ty-</strong></span> 
     </span>
    </p>
   </div>
   <div class='ocr_carea' id='block_1_6' title="bbox 157 1269 1589 2678">
    <p class='ocr_par' dir='ltr' id='par_1_6' title="bbox 161 1269 1543 1800">
     <span class='ocr_line' id='line_1_19' title="bbox 166 1269 1543 1329; baseline -0.003 -17"><span class='ocrx_word' id='word_1_123' title='bbox 166 1269 367 1326; x_wconf 76' lang='lat' dir='ltr'><strong>rannidis</strong></span> <span class='ocrx_word' id='word_1_124' title='bbox 389 1285 482 1312; x_wconf 90' lang='lat' dir='ltr'><strong>non</strong></span> <span class='ocrx_word' id='word_1_125' title='bbox 503 1271 652 1313; x_wconf 87' lang='lat' dir='ltr'><strong>minus</strong></span> <span class='ocrx_word' id='word_1_126' title='bbox 676 1286 811 1329; x_wconf 88' lang='lat' dir='ltr'><strong>quam</strong></span> <span class='ocrx_word' id='word_1_127' title='bbox 833 1270 917 1311; x_wconf 86' lang='lat' dir='ltr'><strong>iste</strong></span> <span class='ocrx_word' id='word_1_128' title='bbox 937 1271 1093 1327; x_wconf 84' lang='lat' dir='ltr'><strong>pueri,</strong></span> <span class='ocrx_word' id='word_1_129' title='bbox 1120 1269 1396 1312; x_wconf 79' lang='lat' dir='ltr'><strong>interficeret</strong></span> <span class='ocrx_word' id='word_1_130' title='bbox 1419 1282 1543 1309; x_wconf 86' lang='lat' dir='ltr'><strong>ama-</strong></span> 
     </span>
     <span class='ocr_line' id='line_1_20' title="bbox 167 1335 1543 1396; baseline -0.001 -18"><span class='ocrx_word' id='word_1_131' title='bbox 167 1344 311 1379; x_wconf 84' lang='lat' dir='ltr'><strong>torem</strong></span> <span class='ocrx_word' id='word_1_132' title='bbox 333 1337 502 1396; x_wconf 73' lang='lat' dir='ltr'><strong>quiPpe</strong></span> <span class='ocrx_word' id='word_1_133' title='bbox 523 1338 744 1381; x_wconf 88' lang='lat' dir='ltr'><strong>arbitrans</strong></span> <span class='ocrx_word' id='word_1_134' title='bbox 767 1353 814 1380; x_wconf 92' lang='lat' dir='ltr'><strong>se</strong></span> <span class='ocrx_word' id='word_1_135' title='bbox 839 1346 1084 1395; x_wconf 85' lang='lat' dir='ltr'><strong>tyrannum</strong></span> <span class='ocrx_word' id='word_1_136' title='bbox 1102 1338 1371 1392; x_wconf 81' lang='lat' dir='ltr'><strong>beatumque</strong></span> <span class='ocrx_word' id='word_1_137' title='bbox 1389 1335 1543 1377; x_wconf 86' lang='lat' dir='ltr'><strong>virum</strong></span> 
     </span>
     <span class='ocr_line' id='line_1_21' title="bbox 167 1403 1542 1462; baseline -0.001 -16"><span class='ocrx_word' id='word_1_138' title='bbox 167 1421 259 1447; x_wconf 82' lang='lat' dir='ltr'><strong>esse</strong></span> <span class='ocrx_word' id='word_1_139' title='bbox 281 1419 520 1448; x_wconf 87' lang='lat' dir='ltr'><strong>evasurum</strong></span> <span class='ocrx_word' id='word_1_140' title='bbox 535 1437 547 1458; x_wconf 88' lang='lat'><strong>,</strong></span> <span class='ocrx_word' id='word_1_141' title='bbox 586 1413 678 1447; x_wconf 83' lang='lat' dir='ltr'><strong>tres</strong></span> <span class='ocrx_word' id='word_1_142' title='bbox 700 1414 847 1462; x_wconf 83' lang='lat' dir='ltr'><strong>autem</strong></span> <span class='ocrx_word' id='word_1_143' title='bbox 869 1404 942 1448; x_wconf 89' lang='lat' dir='ltr'><strong>vel</strong></span> <span class='ocrx_word' id='word_1_144' title='bbox 962 1412 1169 1461; x_wconf 85' lang='lat' dir='ltr'><strong>quattuor</strong></span> <span class='ocrx_word' id='word_1_145' title='bbox 1192 1404 1284 1446; x_wconf 87' lang='lat' dir='ltr'><strong>dies</strong></span> <span class='ocrx_word' id='word_1_146' title='bbox 1304 1403 1542 1460; x_wconf 83' lang='lat' dir='ltr'><strong>tyrannide</strong></span> 
     </span>
     <span class='ocr_line' id='line_1_22' title="bbox 163 1471 1542 1531; baseline -0.003 -16"><span class='ocrx_word' id='word_1_147' title='bbox 163 1473 334 1531; x_wconf 79' lang='lat' dir='ltr'><strong>potitus</strong></span> <span class='ocrx_word' id='word_1_148' title='bbox 365 1473 418 1515; x_wconf 84' lang='lat' dir='ltr'><strong>ab</strong></span> <span class='ocrx_word' id='word_1_149' title='bbox 451 1472 548 1514; x_wconf 79' lang='lat' dir='ltr'><strong>aliis</strong></span> <span class='ocrx_word' id='word_1_150' title='bbox 576 1473 675 1530; x_wconf 90' lang='lat' dir='ltr'><strong>ipse</strong></span> <span class='ocrx_word' id='word_1_151' title='bbox 693 1473 1053 1516; x_wconf 55' lang='lat' dir='ltr'><strong>rursusjnsidias</strong></span> <span class='ocrx_word' id='word_1_152' title='bbox 1075 1471 1335 1529; x_wconf 86' lang='lat' dir='ltr'><strong>parantibus</strong></span> <span class='ocrx_word' id='word_1_153' title='bbox 1355 1485 1542 1513; x_wconf 83' lang='lat' dir='ltr'><strong>necare—-</strong></span> 
     </span>
     <span class='ocr_line' id='line_1_23' title="bbox 164 1539 1539 1594; baseline -0.002 -12"><span class='ocrx_word' id='word_1_154' title='bbox 164 1550 254 1583; x_wconf 81' lang='lat' dir='ltr'><strong>tur.</strong></span> <span class='ocrx_word' id='word_1_155' title='bbox 283 1540 406 1582; x_wconf 85' lang='lat' dir='ltr'><strong>vides</strong></span> <span class='ocrx_word' id='word_1_156' title='bbox 428 1555 537 1583; x_wconf 89' lang='lat' dir='ltr'><strong>vero</strong></span> <span class='ocrx_word' id='word_1_157' title='bbox 560 1541 695 1583; x_wconf 81' lang='lat' dir='ltr'><strong>etiam</strong></span> <span class='ocrx_word' id='word_1_158' title='bbox 721 1542 775 1583; x_wconf 86' lang='lat' dir='ltr'><strong>de</strong></span> <span class='ocrx_word' id='word_1_159' title='bbox 795 1541 960 1585; x_wconf 88' lang='lat' dir='ltr'><strong>nostris</strong></span> <span class='ocrx_word' id='word_1_160' title='bbox 977 1540 1150 1583; x_wconf 84' lang='lat' dir='ltr'><strong>civibus</strong></span> <span class='ocrx_word' id='word_1_161' title='bbox 1167 1539 1297 1594; x_wconf 85' lang='lat' dir='ltr'><strong>(haee</strong></span> <span class='ocrx_word' id='word_1_162' title='bbox 1310 1539 1429 1580; x_wconf 86' lang='lat' dir='ltr'><strong>enirn</strong></span> <span class='ocrx_word' id='word_1_163' title='bbox 1445 1553 1539 1580; x_wconf 90' lang='lat' dir='ltr'><strong>non</strong></span> 
     </span>
     <span class='ocr_line' id='line_1_24' title="bbox 165 1606 1538 1668; baseline -0.001 -18"><span class='ocrx_word' id='word_1_164' title='bbox 165 1623 223 1650; x_wconf 77' lang='lat' dir='ltr'><strong>ex</strong></span> <span class='ocrx_word' id='word_1_165' title='bbox 251 1608 348 1649; x_wconf 89' lang='lat' dir='ltr'><strong>aliis</strong></span> <span class='ocrx_word' id='word_1_166' title='bbox 375 1608 655 1658; x_wconf 84' lang='lat' dir='ltr'><strong>audivimus,</strong></span> <span class='ocrx_word' id='word_1_167' title='bbox 699 1609 776 1651; x_wconf 87' lang='lat' dir='ltr'><strong>sed</strong></span> <span class='ocrx_word' id='word_1_168' title='bbox 804 1610 891 1668; x_wconf 85' lang='lat' dir='ltr'><strong>ipsi</strong></span> <span class='ocrx_word' id='word_1_169' title='bbox 917 1615 1172 1666; x_wconf 73' lang='lat' dir='ltr'><strong>praesentes</strong></span> <span class='ocrx_word' id='word_1_170' title='bbox 1191 1606 1377 1657; x_wconf 84' lang='lat' dir='ltr'><strong>scimus)</strong></span> <span class='ocrx_word' id='word_1_171' title='bbox 1399 1620 1538 1662; x_wconf 81' lang='lat' dir='ltr'><strong>quam</strong></span> 
     </span>
     <span class='ocr_line' id='line_1_25' title="bbox 162 1672 1538 1734; baseline -0.001 -18"><span class='ocrx_word' id='word_1_172' title='bbox 162 1674 295 1717; x_wconf 85' lang='lat' dir='ltr'><strong>multi</strong></span> <span class='ocrx_word' id='word_1_173' title='bbox 311 1675 400 1717; x_wconf 85' lang='lat' dir='ltr'><strong>iam</strong></span> <span class='ocrx_word' id='word_1_174' title='bbox 424 1690 587 1718; x_wconf 90' lang='lat' dir='ltr'><strong>munus</strong></span> <span class='ocrx_word' id='word_1_175' title='bbox 605 1676 948 1734; x_wconf 87' lang='lat' dir='ltr'><strong>imperatorium</strong></span> <span class='ocrx_word' id='word_1_176' title='bbox 966 1675 1216 1719; x_wconf 80' lang='lat' dir='ltr'><strong>affectantes</strong></span> <span class='ocrx_word' id='word_1_177' title='bbox 1236 1675 1369 1731; x_wconf 84' lang='lat' dir='ltr'><strong>idque</strong></span> <span class='ocrx_word' id='word_1_178' title='bbox 1389 1672 1538 1731; x_wconf 80' lang='lat' dir='ltr'><strong>adepti</strong></span> 
     </span>
     <span class='ocr_line' id='line_1_26' title="bbox 161 1741 1535 1800; baseline -0.001 -16"><span class='ocrx_word' id='word_1_179' title='bbox 161 1742 328 1800; x_wconf 84' lang='lat' dir='ltr'><strong>partim</strong></span> <span class='ocrx_word' id='word_1_180' title='bbox 356 1757 476 1785; x_wconf 87' lang='lat' dir='ltr'><strong>nunc</strong></span> <span class='ocrx_word' id='word_1_181' title='bbox 508 1742 653 1786; x_wconf 86' lang='lat' dir='ltr'><strong>adhuc</strong></span> <span class='ocrx_word' id='word_1_182' title='bbox 690 1759 749 1787; x_wconf 84' lang='lat' dir='ltr'><strong>ex</strong></span> <span class='ocrx_word' id='word_1_183' title='bbox 776 1744 859 1786; x_wconf 85' lang='lat' dir='ltr'><strong>hac</strong></span> <span class='ocrx_word' id='word_1_184' title='bbox 877 1744 988 1787; x_wconf 90' lang='lat' dir='ltr'><strong>urbe</strong></span> <span class='ocrx_word' id='word_1_185' title='bbox 1009 1745 1237 1796; x_wconf 81' lang='lat' dir='ltr'><strong>exsulent,</strong></span> <span class='ocrx_word' id='word_1_186' title='bbox 1272 1743 1438 1800; x_wconf 78' lang='lat' dir='ltr'><strong>partim</strong></span> <span class='ocrx_word' id='word_1_187' title='bbox 1459 1741 1535 1784; x_wconf 84' lang='lat' dir='ltr'><strong>vi-</strong></span> 
     </span>
    </p>

    <p class='ocr_par' dir='ltr' id='par_1_7' title="bbox 157 1804 1589 2678">
     <span class='ocr_line' id='line_1_27' title="bbox 163 1804 1589 1870; baseline -0.001 -19"><span class='ocrx_word' id='word_1_188' title='bbox 163 1818 255 1852; x_wconf 84' lang='lat' dir='ltr'><strong>tam</strong></span> <span class='ocrx_word' id='word_1_189' title='bbox 288 1810 518 1854; x_wconf 84' lang='lat' dir='ltr'><strong>amiserint</strong></span> <span class='ocrx_word' id='word_1_190' title='bbox 531 1828 546 1864; x_wconf 80' lang='lat'><em>3</em></span> <span class='ocrx_word' id='word_1_191' title='bbox 580 1820 625 1855; x_wconf 86' lang='lat' dir='ltr'><strong>et</strong></span> <span class='ocrx_word' id='word_1_192' title='bbox 657 1812 734 1868; x_wconf 86' lang='lat' dir='ltr'><strong>qui</strong></span> <span class='ocrx_word' id='word_1_193' title='bbox 768 1812 940 1870; x_wconf 87' lang='lat' dir='ltr'><strong>optime</strong></span> <span class='ocrx_word' id='word_1_194' title='bbox 972 1827 1125 1854; x_wconf 90' lang='lat' dir='ltr'><strong>secum</strong></span> <span class='ocrx_word' id='word_1_195' title='bbox 1153 1811 1223 1868; x_wconf 82' lang='lat' dir='ltr'><strong>agi</strong></span> <span class='ocrx_word' id='word_1_196' title='bbox 1259 1808 1532 1869; x_wconf 84' lang='lat' dir='ltr'><strong>putaverint,</strong></span> <span class='ocrx_word' id='word_1_197' title='bbox 1586 1804 1589 1811; x_wconf 56' lang='lat'><strong>¹</strong></span> 
     </span>
     <span class='ocr_line' id='line_1_28' title="bbox 164 1875 1533 1936; baseline 0 -19"><span class='ocrx_word' id='word_1_198' title='bbox 164 1891 255 1918; x_wconf 89' lang='lat' dir='ltr'><strong>nou</strong></span> <span class='ocrx_word' id='word_1_199' title='bbox 275 1877 418 1919; x_wconf 86' lang='lat' dir='ltr'><strong>solum</strong></span> <span class='ocrx_word' id='word_1_200' title='bbox 438 1879 488 1921; x_wconf 89' lang='lat' dir='ltr'><strong>in</strong></span> <span class='ocrx_word' id='word_1_201' title='bbox 508 1879 607 1936; x_wconf 87' lang='lat' dir='ltr'><strong>ipso</strong></span> <span class='ocrx_word' id='word_1_202' title='bbox 631 1880 834 1923; x_wconf 86' lang='lat' dir='ltr'><strong>exercitu</strong></span> <span class='ocrx_word' id='word_1_203' title='bbox 856 1879 1055 1922; x_wconf 88' lang='lat' dir='ltr'><strong>ducendo</strong></span> <span class='ocrx_word' id='word_1_204' title='bbox 1076 1878 1229 1920; x_wconf 86' lang='lat' dir='ltr'><strong>multis</strong></span> <span class='ocrx_word' id='word_1_205' title='bbox 1249 1878 1297 1920; x_wconf 88' lang='lat' dir='ltr'><strong>in</strong></span> <span class='ocrx_word' id='word_1_206' title='bbox 1319 1875 1533 1935; x_wconf 79' lang='lat' dir='ltr'><strong>periculis</strong></span> 
     </span>
     <span class='ocr_line' id='line_1_29' title="bbox 165 1944 1531 2003; baseline -0.001 -18"><span class='ocrx_word' id='word_1_207' title='bbox 165 1959 214 1985; x_wconf 81' lang='lat' dir='ltr'><strong>ac</strong></span> <span class='ocrx_word' id='word_1_208' title='bbox 237 1944 487 1987; x_wconf 77' lang='lat' dir='ltr'><strong>terroribus</strong></span> <span class='ocrx_word' id='word_1_209' title='bbox 503 1946 668 2001; x_wconf 76' lang='lat' dir='ltr'><strong>versati</strong></span> <span class='ocrx_word' id='word_1_210' title='bbox 686 1946 878 1991; x_wconf 85' lang='lat' dir='ltr'><strong>fuerint.</strong></span> <span class='ocrx_word' id='word_1_211' title='bbox 918 1947 994 1989; x_wconf 88' lang='lat' dir='ltr'><strong>sed</strong></span> <span class='ocrx_word' id='word_1_212' title='bbox 1016 1946 1150 1989; x_wconf 86' lang='lat' dir='ltr'><strong>etiam</strong></span> <span class='ocrx_word' id='word_1_213' title='bbox 1171 1946 1225 1988; x_wconf 90' lang='lat' dir='ltr'><strong>in·</strong></span> <span class='ocrx_word' id='word_1_214' title='bbox 1239 1945 1434 2003; x_wconf 82' lang='lat' dir='ltr'><strong>patriam</strong></span> <span class='ocrx_word' id='word_1_215' title='bbox 1452 1957 1531 1984; x_wconf 82' lang='lat' dir='ltr'><strong>re-</strong></span> 
     </span>
     <span class='ocr_line' id='line_1_30' title="bbox 163 2006 1531 2069; baseline -0.001 -16"><span class='ocrx_word' id='word_1_216' title='bbox 163 2011 280 2054; x_wconf 82' lang='lat' dir='ltr'><strong>versi</strong></span> <span class='ocrx_word' id='word_1_217' title='bbox 301 2025 326 2052; x_wconf 86' lang='lat' dir='ltr'><strong>a</strong></span> <span class='ocrx_word' id='word_1_218' title='bbox 346 2006 628 2067; x_wconf 79' lang='lat' dir='ltr'><strong>sycophantis</strong></span> <span class='ocrx_word' id='word_1_219' title='bbox 647 2015 1028 2069; x_wconf 79' lang='lat' dir='ltr'><strong>oppugnationem</strong></span> <span class='ocrx_word' id='word_1_220' title='bbox 1049 2029 1144 2055; x_wconf 89' lang='lat' dir='ltr'><strong>non</strong></span> <span class='ocrx_word' id='word_1_221' title='bbox 1162 2013 1383 2054; x_wconf 85' lang='lat' dir='ltr'><strong>minorem</strong></span> <span class='ocrx_word' id='word_1_222' title='bbox 1398 2024 1531 2065; x_wconf 87' lang='lat' dir='ltr'><strong>quam</strong></span> 
     </span>
     <span class='ocr_line' id='line_1_31' title="bbox 160 2075 1529 2134; baseline -0.003 -13"><span class='ocrx_word' id='word_1_223' title='bbox 160 2079 215 2121; x_wconf 89' lang='lat' dir='ltr'><strong>ab</strong></span> <span class='ocrx_word' id='word_1_224' title='bbox 237 2078 437 2121; x_wconf 84' lang='lat' dir='ltr'><strong>hostibus</strong></span> <span class='ocrx_word' id='word_1_225' title='bbox 455 2092 701 2134; x_wconf 84' lang='lat' dir='ltr'><strong>numquam</strong></span> <span class='ocrx_word' id='word_1_226' title='bbox 719 2094 813 2121; x_wconf 91' lang='lat' dir='ltr'><strong>non</strong></span> <span class='ocrx_word' id='word_1_227' title='bbox 830 2075 1146 2122; x_wconf 86' lang='lat' dir='ltr'><strong>sustinuerint:</strong></span> <span class='ocrx_word' id='word_1_228' title='bbox 1170 2088 1220 2121; x_wconf 88' lang='lat' dir='ltr'><strong>ut</strong></span> <span class='ocrx_word' id='word_1_229' title='bbox 1230 2077 1432 2120; x_wconf 85' lang='lat' dir='ltr'><strong>nonnulli</strong></span> <span class='ocrx_word' id='word_1_230' title='bbox 1447 2091 1529 2118; x_wconf 84' lang='lat' dir='ltr'><strong>eo-</strong></span> 
     </span>
     <span class='ocr_line' id='line_1_32' title="bbox 159 2142 1524 2203; baseline -0.002 -14"><span class='ocrx_word' id='word_1_231' title='bbox 159 2161 264 2189; x_wconf 83' lang='lat' dir='ltr'><strong>rum</strong></span> <span class='ocrx_word' id='word_1_232' title='bbox 298 2142 552 2203; x_wconf 85' lang='lat' dir='ltr'><strong>optaverint</strong></span> <span class='ocrx_word' id='word_1_233' title='bbox 578 2159 768 2186; x_wconf 84' lang='lat' dir='ltr'><strong>munere</strong></span> <span class='ocrx_word' id='word_1_234' title='bbox 789 2160 837 2187; x_wconf 91' lang='lat' dir='ltr'><strong>se</strong></span> <span class='ocrx_word' id='word_1_235' title='bbox 858 2146 1145 2203; x_wconf 83' lang='lat' dir='ltr'><strong>imperatorio</strong></span> <span class='ocrx_word' id='word_1_236' title='bbox 1164 2145 1354 2188; x_wconf 81' lang='lat' dir='ltr'><strong>caruisse</strong></span> <span class='ocrx_word' id='word_1_237' title='bbox 1374 2145 1524 2198; x_wconf 83' lang='lat' dir='ltr'><strong>potius</strong></span> 
     </span>
     <span class='ocr_line' id='line_1_33' title="bbox 161 2210 1524 2270; baseline 0.001 -15"><span class='ocrx_word' id='word_1_238' title='bbox 161 2228 294 2268; x_wconf 83' lang='lat' dir='ltr'><strong>quam</strong></span> <span class='ocrx_word' id='word_1_239' title='bbox 319 2213 493 2255; x_wconf 82' lang='lat' dir='ltr'><strong>functos</strong></span> <span class='ocrx_word' id='word_1_240' title='bbox 515 2225 618 2253; x_wconf 85' lang='lat' dir='ltr'><strong>esse.</strong></span> <span class='ocrx_word' id='word_1_241' title='bbox 646 2210 737 2254; x_wconf 87' lang='lat' dir='ltr'><strong>iam</strong></span> <span class='ocrx_word' id='word_1_242' title='bbox 759 2212 797 2254; x_wconf 88' lang='lat' dir='ltr'><strong>si</strong></span> <span class='ocrx_word' id='word_1_243' title='bbox 813 2213 1015 2270; x_wconf 85' lang='lat' dir='ltr'><strong>pericula</strong></span> <span class='ocrx_word' id='word_1_244' title='bbox 1028 2220 1275 2257; x_wconf 86' lang='lat' dir='ltr'><strong>etterrores</strong></span> <span class='ocrx_word' id='word_1_245' title='bbox 1287 2212 1524 2256; x_wconf 79' lang='lat' dir='ltr'><strong>utilitatem</strong></span> 
     </span>
     <span class='ocr_line' id='line_1_34' title="bbox 158 2279 1522 2337; baseline 0.001 -17"><span class='ocrx_word' id='word_1_246' title='bbox 158 2279 247 2322; x_wconf 87' lang='lat' dir='ltr'><strong>illis</strong></span> <span class='ocrx_word' id='word_1_247' title='bbox 273 2280 539 2329; x_wconf 85' lang='lat' dir='ltr'><strong>attulissent,</strong></span> <span class='ocrx_word' id='word_1_248' title='bbox 575 2286 921 2323; x_wconf 83' lang='lat' dir='ltr'><strong>consentaneum</strong></span> <span class='ocrx_word' id='word_1_249' title='bbox 951 2291 1085 2336; x_wconf 82' lang='lat' dir='ltr'><strong>esset3</strong></span> <span class='ocrx_word' id='word_1_250' title='bbox 1119 2297 1241 2324; x_wconf 88' lang='lat' dir='ltr'><strong>nunc</strong></span> <span class='ocrx_word' id='word_1_251' title='bbox 1262 2296 1369 2324; x_wconf 83' lang='lat' dir='ltr'><strong>vero</strong></span> <span class='ocrx_word' id='word_1_252' title='bbox 1388 2281 1522 2337; x_wconf 87' lang='lat' dir='ltr'><strong>plane</strong></span> 
     </span>
     <span class='ocr_line' id='line_1_35' title="bbox 162 2345 1521 2407; baseline 0.001 -19"><span class='ocrx_word' id='word_1_253' title='bbox 162 2356 312 2389; x_wconf 87' lang='lat' dir='ltr'><strong>contra</strong></span> <span class='ocrx_word' id='word_1_254' title='bbox 358 2362 405 2389; x_wconf 88' lang='lat' dir='ltr'><strong>se</strong></span> <span class='ocrx_word' id='word_1_255' title='bbox 443 2345 586 2389; x_wconf 87' lang='lat' dir='ltr'><strong>habet.</strong></span> <span class='ocrx_word' id='word_1_256' title='bbox 642 2347 845 2390; x_wconf 82' lang='lat' dir='ltr'><strong>invenies</strong></span> <span class='ocrx_word' id='word_1_257' title='bbox 885 2363 994 2391; x_wconf 87' lang='lat' dir='ltr'><strong>vero</strong></span> <span class='ocrx_word' id='word_1_258' title='bbox 1035 2350 1168 2393; x_wconf 82' lang='lat' dir='ltr'><strong>etiam</strong></span> <span class='ocrx_word' id='word_1_259' title='bbox 1210 2348 1326 2407; x_wconf 83' lang='lat' dir='ltr'><strong>quod</strong></span> <span class='ocrx_word' id='word_1_260' title='bbox 1366 2350 1420 2390; x_wconf 87' lang='lat' dir='ltr'><strong>ad</strong></span> <span class='ocrx_word' id='word_1_261' title='bbox 1460 2348 1521 2389; x_wconf 82' lang='lat' dir='ltr'><strong>li·-</strong></span> 
     </span>
     <span class='ocr_line' id='line_1_36' title="bbox 161 2411 1519 2472; baseline 0.003 -19"><span class='ocrx_word' id='word_1_262' title='bbox 161 2411 286 2455; x_wconf 83' lang='lat' dir='ltr'><strong>beros</strong></span> <span class='ocrx_word' id='word_1_263' title='bbox 325 2414 483 2458; x_wconf 80' lang='lat' dir='ltr'><strong>attinet</strong></span> <span class='ocrx_word' id='word_1_264' title='bbox 519 2415 676 2458; x_wconf 87' lang='lat' dir='ltr'><strong>eodem</strong></span> <span class='ocrx_word' id='word_1_265' title='bbox 713 2417 848 2459; x_wconf 83' lang='lat' dir='ltr'><strong>modo</strong></span> <span class='ocrx_word' id='word_1_266' title='bbox 884 2418 1123 2461; x_wconf 88' lang='lat' dir='ltr'><strong>nonnullos</strong></span> <span class='ocrx_word' id='word_1_267' title='bbox 1155 2418 1245 2460; x_wconf 83' lang='lat' dir='ltr'><strong>iarn</strong></span> <span class='ocrx_word' id='word_1_268' title='bbox 1272 2417 1407 2461; x_wconf 86' lang='lat' dir='ltr'><strong>fuisse</strong></span> <span class='ocrx_word' id='word_1_269' title='bbox 1442 2417 1519 2472; x_wconf 88' lang='lat' dir='ltr'><strong>qui</strong></span> 
     </span>
     <span class='ocr_line' id='line_1_37' title="bbox 157 2481 1514 2540; baseline 0.002 -20"><span class='ocrx_word' id='word_1_270' title='bbox 157 2481 325 2536; x_wconf 85' lang='lat' dir='ltr'><strong>precati</strong></span> <span class='ocrx_word' id='word_1_271' title='bbox 358 2481 526 2525; x_wconf 86' lang='lat' dir='ltr'><strong>fuerint</strong></span> <span class='ocrx_word' id='word_1_272' title='bbox 551 2497 577 2524; x_wconf 87' lang='lat' dir='ltr'><strong>a</strong></span> <span class='ocrx_word' id='word_1_273' title='bbox 608 2483 691 2525; x_wconf 83' lang='lat' dir='ltr'><strong>diis</strong></span> <span class='ocrx_word' id='word_1_274' title='bbox 726 2492 776 2526; x_wconf 89' lang='lat' dir='ltr'><strong>ut</strong></span> <span class='ocrx_word' id='word_1_275' title='bbox 790 2485 924 2528; x_wconf 88' lang='lat' dir='ltr'><strong>liberi</strong></span> <span class='ocrx_word' id='word_1_276' title='bbox 944 2486 1027 2528; x_wconf 87' lang='lat' dir='ltr'><strong>sibi</strong></span> <span class='ocrx_word' id='word_1_277' title='bbox 1048 2495 1335 2530; x_wconf 85' lang='lat' dir='ltr'><strong>nascerentur</strong></span> <span class='ocrx_word' id='word_1_278' title='bbox 1356 2484 1514 2540; x_wconf 84' lang='lat' dir='ltr'><strong>hisque</strong></span> 
     </span>
     <span class='ocr_line' id='line_1_38' title="bbox 157 2547 1515 2597; baseline 0.006 -11"><span class='ocrx_word' id='word_1_279' title='bbox 157 2547 270 2588; x_wconf 79' lang='lat' dir='ltr'><strong>natis</strong></span> <span class='ocrx_word' id='word_1_280' title='bbox 300 2547 349 2590; x_wconf 85' lang='lat' dir='ltr'><strong>iu</strong></span> <span class='ocrx_word' id='word_1_281' title='bbox 370 2549 634 2593; x_wconf 82' lang='lat' dir='ltr'><strong>calamitates</strong></span> <span class='ocrx_word' id='word_1_282' title='bbox 655 2560 699 2594; x_wconf 87' lang='lat' dir='ltr'><strong>et</strong></span> <span class='ocrx_word' id='word_1_283' title='bbox 718 2552 894 2595; x_wconf 85' lang='lat' dir='ltr'><strong>dolores</strong></span> <span class='ocrx_word' id='word_1_284' title='bbox 915 2554 1134 2597; x_wconf 81' lang='lat' dir='ltr'><strong>maximos</strong></span> <span class='ocrx_word' id='word_1_285' title='bbox 1156 2554 1408 2597; x_wconf 86' lang='lat' dir='ltr'><strong>inciderint.</strong></span> <span class='ocrx_word' id='word_1_286' title='bbox 1438 2551 1515 2594; x_wconf 78' lang='lat' dir='ltr'><strong>alii</strong></span> 
     </span>
     <span class='ocr_line' id='line_1_39' title="bbox 161 2613 1518 2678; baseline 0.01 -25"><span class='ocrx_word' id='word_1_287' title='bbox 161 2613 304 2666; x_wconf 77' lang='lat' dir='ltr'><strong>enim,</strong></span> <span class='ocrx_word' id='word_1_288' title='bbox 348 2629 487 2671; x_wconf 87' lang='lat' dir='ltr'><strong>quum</strong></span> <span class='ocrx_word' id='word_1_289' title='bbox 515 2617 708 2676; x_wconf 86' lang='lat' dir='ltr'><strong>improbi</strong></span> <span class='ocrx_word' id='word_1_290' title='bbox 726 2634 904 2678; x_wconf 85' lang='lat' dir='ltr'><strong>semper</strong></span> <span class='ocrx_word' id='word_1_291' title='bbox 922 2620 1086 2665; x_wconf 84' lang='lat' dir='ltr'><strong>fuerint</strong></span> <span class='ocrx_word' id='word_1_292' title='bbox 1106 2622 1259 2677; x_wconf 86' lang='lat' dir='ltr'><strong>liberi,</strong></span> <span class='ocrx_word' id='word_1_293' title='bbox 1287 2631 1424 2667; x_wconf 85' lang='lat' dir='ltr'><strong>totam</strong></span> <span class='ocrx_word' id='word_1_294' title='bbox 1448 2620 1518 2662; x_wconf 85' lang='lat' dir='ltr'><strong>vi·-</strong></span> 
     </span>
    </p>
   </div>
  </div>
 </body>
</html>
