<?xml version="1.0" encoding="UTF-8"?>
<!DOCTYPE html PUBLIC "-//W3C//DTD XHTML 1.0 Transitional//EN"
    "http://www.w3.org/TR/xhtml1/DTD/xhtml1-transitional.dtd">
<html xmlns="http://www.w3.org/1999/xhtml" xml:lang="en" lang="en">
 <head>
  <title>
</title>
<meta http-equiv="Content-Type" content="text/html;charset=utf-8" />
  <meta name='ocr-system' content='tesseract 3.04.00' />
  <meta name='ocr-capabilities' content='ocr_page ocr_carea ocr_par ocr_line ocrx_word'/>
</head>
<body>
  <div class='ocr_page' id='page_1' title='image "./quaeexstantopera08platuoft_0399.png"; bbox 0 0 1734 2872; ppageno 0'>
   <div class='ocr_carea' id='block_1_1' title="bbox 603 203 1502 247">
    <p class='ocr_par' dir='ltr' id='par_1_1' title="bbox 603 203 1502 247">
     <span class='ocr_line' id='line_1_1' title="bbox 603 203 1502 247; baseline -0.003 0"><span class='ocrx_word' id='word_1_1' title='bbox 603 203 1061 247; x_wconf 83' lang='lat' dir='ltr'><strong>THEAGES.</strong></span> <span class='ocrx_word' id='word_1_2' title='bbox 1413 208 1502 246; x_wconf 87' lang='grc'><strong>391</strong></span> 
     </span>
    </p>
   </div>
   <div class='ocr_carea' id='block_1_2' title="bbox 124 321 1502 2663">
    <p class='ocr_par' dir='ltr' id='par_1_2' title="bbox 252 321 801 381">
     <span class='ocr_line' id='line_1_2' title="bbox 252 321 801 381; baseline -0.015 -10"><span class='ocrx_word' id='word_1_3' title='bbox 252 326 362 371; x_wconf 81' lang='lat' dir='ltr'><strong>lee·</strong></span> <span class='ocrx_word' id='word_1_4' title='bbox 421 324 551 369; x_wconf 90' lang='lat' dir='ltr'><strong>Sane·</strong></span> <span class='ocrx_word' id='word_1_5' title='bbox 564 321 760 381; x_wconf 85' lang='lat' dir='ltr'><strong>quidem.</strong></span> <span class='ocrx_word' id='word_1_6' title='bbox 800 323 801 326; x_wconf 73' lang='grc'>’</span> 
     </span>
    </p>

    <p class='ocr_par' dir='ltr' id='par_1_3' title="bbox 242 384 1284 448">
     <span class='ocr_line' id='line_1_3' title="bbox 242 384 1284 448; baseline -0.01 -11"><span class='ocrx_word' id='word_1_7' title='bbox 242 395 316 437; x_wconf 86' lang='lat' dir='ltr'><strong>So.</strong></span> <span class='ocrx_word' id='word_1_8' title='bbox 360 392 434 436; x_wconf 91' lang='lat' dir='ltr'><strong>An</strong></span> <span class='ocrx_word' id='word_1_9' title='bbox 455 406 540 448; x_wconf 81' lang='lat' dir='ltr'><strong>qua</strong></span> <span class='ocrx_word' id='word_1_10' title='bbox 560 405 607 432; x_wconf 91' lang='lat' dir='ltr'><strong>se</strong></span> <span class='ocrx_word' id='word_1_11' title='bbox 626 395 885 432; x_wconf 85' lang='lat' dir='ltr'><strong>exercentes</strong></span> <span class='ocrx_word' id='word_1_12' title='bbox 908 387 1073 431; x_wconf 78' lang='lat' dir='ltr'><strong>scimus</strong></span> <span class='ocrx_word' id='word_1_13' title='bbox 1095 399 1252 444; x_wconf 86' lang='lat' dir='ltr'><strong>regere</strong></span> <span class='ocrx_word' id='word_1_14' title='bbox 1262 384 1284 427; x_wconf 68' lang='grc' dir='ltr'><strong>’ἒ</strong></span> 
     </span>
    </p>

    <p class='ocr_par' dir='ltr' id='par_1_4' title="bbox 247 457 533 505">
     <span class='ocr_line' id='line_1_4' title="bbox 247 457 533 505; baseline -0.01 -2"><span class='ocrx_word' id='word_1_15' title='bbox 247 461 357 505; x_wconf 74' lang='lat' dir='ltr'><strong>The.</strong></span> <span class='ocrx_word' id='word_1_16' title='bbox 412 457 533 502; x_wconf 86' lang='lat' dir='ltr'><strong>Non.</strong></span> 
     </span>
    </p>

    <p class='ocr_par' dir='ltr' id='par_1_5' title="bbox 240 520 1122 583">
     <span class='ocr_line' id='line_1_5' title="bbox 240 520 1122 583; baseline -0.008 -13"><span class='ocrx_word' id='word_1_17' title='bbox 240 528 320 578; x_wconf 56' lang='lat' dir='ltr'><strong>So„</strong></span> <span class='ocrx_word' id='word_1_18' title='bbox 371 525 663 583; x_wconf 84' lang='lat' dir='ltr'><strong>Gymnastica</strong></span> <span class='ocrx_word' id='word_1_19' title='bbox 682 530 749 567; x_wconf 84' lang='lat' dir='ltr'><strong>est</strong></span> <span class='ocrx_word' id='word_1_20' title='bbox 770 522 892 566; x_wconf 80' lang='lat' dir='ltr'><strong>enim</strong></span> <span class='ocrx_word' id='word_1_21' title='bbox 913 520 1024 567; x_wconf 87' lang='lat' dir='ltr'><strong>haec</strong></span> <span class='ocrx_word' id='word_1_22' title='bbox 1038 535 1122 565; x_wconf 82' lang='lat' dir='ltr'><strong>ars.</strong></span> 
     </span>
    </p>

    <p class='ocr_par' dir='ltr' id='par_1_6' title="bbox 242 583 1082 638">
     <span class='ocr_line' id='line_1_6' title="bbox 242 583 1082 638; baseline -0.006 0"><span class='ocrx_word' id='word_1_23' title='bbox 242 594 353 638; x_wconf 74' lang='lat' dir='ltr'><strong>The.</strong></span> <span class='ocrx_word' id='word_1_24' title='bbox 408 592 575 636; x_wconf 83' lang='lat' dir='ltr'><strong>Etiam.</strong></span> <span class='ocrx_word' id='word_1_25' title='bbox 1078 583 1082 586; x_wconf 50' lang='grc'><strong>’</strong></span> 
     </span>
    </p>

    <p class='ocr_par' dir='ltr' id='par_1_7' title="bbox 130 652 1502 787">
     <span class='ocr_line' id='line_1_7' title="bbox 241 652 1502 717; baseline -0.007 -12"><span class='ocrx_word' id='word_1_26' title='bbox 241 663 314 706; x_wconf 84' lang='lat' dir='ltr'><strong>So.</strong></span> <span class='ocrx_word' id='word_1_27' title='bbox 370 660 432 704; x_wconf 86' lang='lat' dir='ltr'><strong>At</strong></span> <span class='ocrx_word' id='word_1_28' title='bbox 462 659 568 717; x_wconf 86' lang='lat' dir='ltr'><strong>quid</strong></span> <span class='ocrx_word' id='word_1_29' title='bbox 594 658 808 704; x_wconf 81' lang='lat' dir='ltr'>facientes</span> <span class='ocrx_word' id='word_1_30' title='bbox 837 672 890 700; x_wconf 91' lang='lat' dir='ltr'><strong>ea</strong></span> <span class='ocrx_word' id='word_1_31' title='bbox 917 654 1148 715; x_wconf 79' lang='lat' dir='ltr'><strong>regimus?</strong></span> <span class='ocrx_word' id='word_1_32' title='bbox 1183 653 1311 698; x_wconf 81' lang='lat' dir='ltr'><strong>stude</strong></span> <span class='ocrx_word' id='word_1_33' title='bbox 1335 652 1502 707; x_wconf 81' lang='lat' dir='ltr'><strong>dicere,&#39;</strong></span> 
     </span>
     <span class='ocr_line' id='line_1_8' title="bbox 130 727 710 787; baseline -0.01 -12"><span class='ocrx_word' id='word_1_34' title='bbox 130 732 243 775; x_wconf 85' lang='lat' dir='ltr'><strong>sicut</strong></span> <span class='ocrx_word' id='word_1_35' title='bbox 264 745 344 786; x_wconf 90' lang='lat' dir='ltr'><strong>ego</strong></span> <span class='ocrx_word' id='word_1_36' title='bbox 365 727 442 771; x_wconf 87' lang='lat' dir='ltr'><strong>tibi</strong></span> <span class='ocrx_word' id='word_1_37' title='bbox 459 727 710 787; x_wconf 81' lang='lat' dir='ltr'><strong>superiora.</strong></span> 
     </span>
    </p>

    <p class='ocr_par' dir='ltr' id='par_1_8' title="bbox 128 789 1498 910">
     <span class='ocr_line' id='line_1_9' title="bbox 244 789 1498 853; baseline -0.009 -13"><span class='ocrx_word' id='word_1_38' title='bbox 244 797 351 840; x_wconf 76' lang='lat' dir='ltr'><strong>The.</strong></span> <span class='ocrx_word' id='word_1_39' title='bbox 404 795 472 840; x_wconf 88' lang='lat' dir='ltr'><strong>Ea</strong></span> <span class='ocrx_word' id='word_1_40' title='bbox 491 803 555 838; x_wconf 87' lang='lat' dir='ltr'><strong>est</strong></span> <span class='ocrx_word' id='word_1_41' title='bbox 567 827 581 845; x_wconf 88' lang='lat'><strong>‚</strong></span> <span class='ocrx_word' id='word_1_42' title='bbox 615 803 667 838; x_wconf 90' lang='lat' dir='ltr'><strong>ut</strong></span> <span class='ocrx_word' id='word_1_43' title='bbox 683 794 798 839; x_wconf 87' lang='lat' dir='ltr'><strong>mihi</strong></span> <span class='ocrx_word' id='word_1_44' title='bbox 816 793 997 840; x_wconf 72' lang='lat' dir='ltr'><strong>videtur</strong></span> <span class='ocrx_word' id='word_1_45' title='bbox 1007 801 1021 847; x_wconf 81' lang='lat'><strong>,&#39;</strong></span> <span class='ocrx_word' id='word_1_46' title='bbox 1045 806 1134 853; x_wconf 83' lang='lat' dir='ltr'><strong>qua</strong></span> <span class='ocrx_word' id='word_1_47' title='bbox 1151 789 1357 835; x_wconf 85' lang='lat' dir='ltr'><strong>homines</strong></span> <span class='ocrx_word' id='word_1_48' title='bbox 1375 789 1498 846; x_wconf 37' lang='lat' dir='ltr'><strong>regi}</strong></span> 
     </span>
     <span class='ocr_line' id='line_1_10' title="bbox 128 862 734 910; baseline -0.01 -2"><span class='ocrx_word' id='word_1_49' title='bbox 128 880 228 908; x_wconf 89' lang='lat' dir='ltr'><strong>mus</strong></span> <span class='ocrx_word' id='word_1_50' title='bbox 245 864 295 907; x_wconf 91' lang='lat' dir='ltr'><strong>in</strong></span> <span class='ocrx_word' id='word_1_51' title='bbox 314 863 497 907; x_wconf 83' lang='lat' dir='ltr'><strong>civitate</strong></span> <span class='ocrx_word' id='word_1_52' title='bbox 520 862 734 910; x_wconf 69' lang='lat' dir='ltr'><strong>viventes.</strong></span> 
     </span>
    </p>

    <p class='ocr_par' dir='ltr' id='par_1_9' title="bbox 239 925 1414 983">
     <span class='ocr_line' id='line_1_11' title="bbox 239 925 1414 983; baseline -0.008 -8"><span class='ocrx_word' id='word_1_53' title='bbox 239 931 311 975; x_wconf 86' lang='lat' dir='ltr'><strong>So.</strong></span> <span class='ocrx_word' id='word_1_54' title='bbox 376 930 538 973; x_wconf 87' lang='lat' dir='ltr'>Nonne</span> <span class='ocrx_word' id='word_1_55' title='bbox 554 929 604 975; x_wconf 86' lang='lat' dir='ltr'><strong>in</strong></span> <span class='ocrx_word' id='word_1_56' title='bbox 625 930 805 973; x_wconf 79' lang='lat' dir='ltr'><strong>civitate</strong></span> <span class='ocrx_word' id='word_1_57' title='bbox 824 937 928 971; x_wconf 90' lang='lat' dir='ltr'><strong>sunt</strong></span> <span class='ocrx_word' id='word_1_58' title='bbox 946 928 1080 972; x_wconf 87' lang='lat' dir='ltr'><strong>etiam</strong></span> <span class='ocrx_word' id='word_1_59' title='bbox 1103 932 1379 983; x_wconf 82' lang='lat' dir='ltr'><strong>aegrotantes</strong></span> <span class='ocrx_word' id='word_1_60' title='bbox 1391 925 1414 966; x_wconf 65' lang='grc' dir='ltr'><strong>’ἒ</strong></span> 
     </span>
    </p>

    <p class='ocr_par' dir='ltr' id='par_1_10' title="bbox 128 991 1497 1123">
     <span class='ocr_line' id='line_1_12' title="bbox 245 991 1497 1050; baseline -0.006 -9"><span class='ocrx_word' id='word_1_61' title='bbox 245 998 351 1041; x_wconf 74' lang='lat' dir='ltr'><strong>The.</strong></span> <span class='ocrx_word' id='word_1_62' title='bbox 408 996 582 1050; x_wconf 86' lang='lat' dir='ltr'><strong>Etiam,</strong></span> <span class='ocrx_word' id='word_1_63' title='bbox 624 1005 669 1039; x_wconf 88' lang='lat' dir='ltr'><strong>at</strong></span> <span class='ocrx_word' id='word_1_64' title='bbox 690 1012 783 1039; x_wconf 90' lang='lat' dir='ltr'><strong>non</strong></span> <span class='ocrx_word' id='word_1_65' title='bbox 802 995 887 1040; x_wconf 87' lang='lat' dir='ltr'><strong>hoc</strong></span> <span class='ocrx_word' id='word_1_66' title='bbox 907 995 1005 1041; x_wconf 89' lang='lat' dir='ltr'><strong>dico</strong></span> <span class='ocrx_word' id='word_1_67' title='bbox 1025 1002 1198 1040; x_wconf 84' lang='lat' dir='ltr'><strong>tantum</strong></span> <span class='ocrx_word' id='word_1_68' title='bbox 1211 1024 1225 1048; x_wconf 88' lang='lat'>,</span> <span class='ocrx_word' id='word_1_69' title='bbox 1264 992 1341 1035; x_wconf 86' lang='lat' dir='ltr'><strong>sed</strong></span> <span class='ocrx_word' id='word_1_70' title='bbox 1362 991 1497 1034; x_wconf 82' lang='lat' dir='ltr'><strong>etiam</strong></span> 
     </span>
     <span class='ocr_line' id='line_1_13' title="bbox 128 1063 883 1123; baseline 0 -14"><span class='ocrx_word' id='word_1_71' title='bbox 128 1065 325 1123; x_wconf 82' lang='lat' dir='ltr'><strong>reliquos</strong></span> <span class='ocrx_word' id='word_1_72' title='bbox 343 1063 422 1122; x_wconf 87' lang='lat' dir='ltr'><strong>qui</strong></span> <span class='ocrx_word' id='word_1_73' title='bbox 441 1064 490 1107; x_wconf 91' lang='lat' dir='ltr'><strong>in</strong></span> <span class='ocrx_word' id='word_1_74' title='bbox 511 1063 690 1107; x_wconf 83' lang='lat' dir='ltr'><strong>civitate</strong></span> <span class='ocrx_word' id='word_1_75' title='bbox 708 1064 883 1109; x_wconf 86' lang='lat' dir='ltr'><strong>vivunt.</strong></span> 
     </span>
    </p>

    <p class='ocr_par' dir='ltr' id='par_1_11' title="bbox 124 1119 1499 1457">
     <span class='ocr_line' id='line_1_14' title="bbox 237 1119 1499 1189; baseline -0.005 -14"><span class='ocrx_word' id='word_1_76' title='bbox 237 1133 310 1175; x_wconf 88' lang='lat' dir='ltr'><strong>So.</strong></span> <span class='ocrx_word' id='word_1_77' title='bbox 366 1132 461 1175; x_wconf 89' lang='lat' dir='ltr'><strong>Iam</strong></span> <span class='ocrx_word' id='word_1_78' title='bbox 479 1131 679 1189; x_wconf 85' lang='lat' dir='ltr'>intelligo</span> <span class='ocrx_word' id='word_1_79' title='bbox 702 1147 836 1188; x_wconf 85' lang='lat' dir='ltr'><strong>quam</strong></span> <span class='ocrx_word' id='word_1_80' title='bbox 855 1131 972 1174; x_wconf 75' lang='lat' dir='ltr'><strong>dicas</strong></span> <span class='ocrx_word' id='word_1_81' title='bbox 994 1138 1161 1183; x_wconf 77' lang='lat' dir='ltr'><strong>artem3</strong></span> <span class='ocrx_word' id='word_1_82' title='bbox 1187 1119 1499 1173; x_wconf 26' lang='lat' dir='ltr'><strong>videris&#39;enim</strong></span> 
     </span>
     <span class='ocr_line' id='line_1_15' title="bbox 124 1194 1499 1255; baseline -0.007 -12"><span class='ocrx_word' id='word_1_83' title='bbox 124 1199 241 1243; x_wconf 83' lang='lat' dir='ltr'><strong>mihi</strong></span> <span class='ocrx_word' id='word_1_84' title='bbox 262 1199 411 1241; x_wconf 82' lang='lat' dir='ltr'>dicere</span> <span class='ocrx_word' id='word_1_85' title='bbox 428 1213 521 1239; x_wconf 91' lang='lat' dir='ltr'><strong>non</strong></span> <span class='ocrx_word' id='word_1_86' title='bbox 541 1213 663 1250; x_wconf 87' lang='lat' dir='ltr'><strong>eam,</strong></span> <span class='ocrx_word' id='word_1_87' title='bbox 693 1213 781 1255; x_wconf 86' lang='lat' dir='ltr'><strong>qua</strong></span> <span class='ocrx_word' id='word_1_88' title='bbox 798 1213 988 1241; x_wconf 87' lang='lat' dir='ltr'><strong>messem</strong></span> <span class='ocrx_word' id='word_1_89' title='bbox 1012 1197 1222 1241; x_wconf 85' lang='lat' dir='ltr'><strong>facientes</strong></span> <span class='ocrx_word' id='word_1_90' title='bbox 1241 1194 1401 1238; x_wconf 84' lang='lat' dir='ltr'><strong>scimus</strong></span> <span class='ocrx_word' id='word_1_91' title='bbox 1422 1207 1499 1235; x_wconf 84' lang='lat' dir='ltr'><strong>re-</strong></span> 
     </span>
     <span class='ocr_line' id='line_1_16' title="bbox 124 1262 1497 1325; baseline -0.005 -17"><span class='ocrx_word' id='word_1_92' title='bbox 124 1282 233 1325; x_wconf 85' lang='lat' dir='ltr'><strong>gere</strong></span> <span class='ocrx_word' id='word_1_93' title='bbox 251 1274 296 1310; x_wconf 83' lang='lat' dir='ltr'><strong>et</strong></span> <span class='ocrx_word' id='word_1_94' title='bbox 317 1265 640 1309; x_wconf 84' lang='lat' dir='ltr'><strong>vindemiantes</strong></span> <span class='ocrx_word' id='word_1_95' title='bbox 665 1274 710 1307; x_wconf 84' lang='lat' dir='ltr'><strong>et</strong></span> <span class='ocrx_word' id='word_1_96' title='bbox 728 1265 982 1322; x_wconf 82' lang='lat' dir='ltr'><strong>plantantes</strong></span> <span class='ocrx_word' id='word_1_97' title='bbox 1005 1272 1049 1306; x_wconf 92' lang='lat' dir='ltr'><strong>et</strong></span> <span class='ocrx_word' id='word_1_98' title='bbox 1068 1270 1263 1306; x_wconf 86' lang='lat' dir='ltr'><strong>serentes</strong></span> <span class='ocrx_word' id='word_1_99' title='bbox 1284 1270 1330 1305; x_wconf 84' lang='lat' dir='ltr'><strong>et</strong></span> <span class='ocrx_word' id='word_1_100' title='bbox 1361 1262 1497 1303; x_wconf 81' lang='lat' dir='ltr'><strong>tritu-</strong></span> 
     </span>
     <span class='ocr_line' id='line_1_17' title="bbox 125 1327 1498 1390; baseline -0.005 -12"><span class='ocrx_word' id='word_1_101' title='bbox 125 1343 301 1388; x_wconf 76' lang='lat' dir='ltr'><strong>rante33</strong></span> <span class='ocrx_word' id='word_1_102' title='bbox 335 1331 446 1375; x_wconf 83' lang='lat' dir='ltr'><strong>haec</strong></span> <span class='ocrx_word' id='word_1_103' title='bbox 475 1340 539 1377; x_wconf 84' lang='lat' dir='ltr'><strong>est</strong></span> <span class='ocrx_word' id='word_1_104' title='bbox 555 1331 690 1375; x_wconf 67' lang='lat' dir='ltr'><strong>&#39;enim</strong></span> <span class='ocrx_word' id='word_1_105' title='bbox 707 1331 806 1389; x_wconf 81' lang='lat' dir='ltr'><strong>agri</strong></span> <span class='ocrx_word' id='word_1_106' title='bbox 825 1330 1003 1375; x_wconf 83' lang='lat' dir='ltr'><strong>colendi</strong></span> <span class='ocrx_word' id='word_1_107' title='bbox 1022 1344 1095 1375; x_wconf 81' lang='lat' dir='ltr'><strong>ars</strong></span> <span class='ocrx_word' id='word_1_108' title='bbox 1114 1345 1201 1390; x_wconf 87' lang='lat' dir='ltr'><strong>qua</strong></span> <span class='ocrx_word' id='word_1_109' title='bbox 1220 1329 1419 1388; x_wconf 84' lang='lat' dir='ltr'><strong>regimus</strong></span> <span class='ocrx_word' id='word_1_110' title='bbox 1438 1327 1498 1371; x_wconf 87' lang='lat' dir='ltr'><strong>il—</strong></span> 
     </span>
     <span class='ocr_line' id='line_1_18' title="bbox 125 1398 1193 1457; baseline -0.005 -11"><span class='ocrx_word' id='word_1_111' title='bbox 125 1403 193 1447; x_wconf 83' lang='lat' dir='ltr'><strong>los</strong></span> <span class='ocrx_word' id='word_1_112' title='bbox 203 1418 219 1457; x_wconf 87' lang='lat'>3</span> <span class='ocrx_word' id='word_1_113' title='bbox 246 1400 431 1444; x_wconf 71' lang='lat' dir='ltr'><strong>nonne?</strong></span> <span class='ocrx_word' id='word_1_114' title='bbox 1173 1398 1193 1409; x_wconf 58' lang='lat'><em>⁴</em></span> 
     </span>
    </p>

    <p class='ocr_par' dir='ltr' id='par_1_12' title="bbox 242 1465 771 1526">
     <span class='ocr_line' id='line_1_19' title="bbox 242 1465 771 1526; baseline -0.011 -14"><span class='ocrx_word' id='word_1_115' title='bbox 242 1466 357 1513; x_wconf 61' lang='lat' dir='ltr'><strong>ilvae.</strong></span> <span class='ocrx_word' id='word_1_116' title='bbox 405 1465 568 1510; x_wconf 85' lang='lat' dir='ltr'><strong>Etiam.</strong></span> <span class='ocrx_word' id='word_1_117' title='bbox 765 1521 771 1526; x_wconf 34' lang='grc'><strong><em>1</em></strong></span> 
     </span>
    </p>

    <p class='ocr_par' dir='ltr' id='par_1_13' title="bbox 126 1531 1495 1781">
     <span class='ocr_line' id='line_1_20' title="bbox 237 1531 1494 1592; baseline -0.004 -13"><span class='ocrx_word' id='word_1_118' title='bbox 237 1534 309 1579; x_wconf 83' lang='lat' dir='ltr'><strong>So.</strong></span> <span class='ocrx_word' id='word_1_119' title='bbox 361 1534 521 1590; x_wconf 84' lang='lat' dir='ltr'><strong>Neque</strong></span> <span class='ocrx_word' id='word_1_120' title='bbox 549 1547 637 1592; x_wconf 88' lang='lat' dir='ltr'><strong>qua</strong></span> <span class='ocrx_word' id='word_1_121' title='bbox 663 1546 788 1576; x_wconf 87' lang='lat' dir='ltr'><strong>serra</strong></span> <span class='ocrx_word' id='word_1_122' title='bbox 818 1532 1067 1576; x_wconf 75' lang='lat' dir='ltr'><strong>secantibus</strong></span> <span class='ocrx_word' id='word_1_123' title='bbox 1097 1541 1141 1575; x_wconf 86' lang='lat' dir='ltr'><strong>et</strong></span> <span class='ocrx_word' id='word_1_124' title='bbox 1161 1531 1494 1590; x_wconf 79' lang='lat' dir='ltr'><strong>perforantibus</strong></span> 
     </span>
     <span class='ocr_line' id='line_1_21' title="bbox 129 1599 1495 1661; baseline -0.003 -15"><span class='ocrx_word' id='word_1_125' title='bbox 129 1611 172 1646; x_wconf 87' lang='lat' dir='ltr'><strong>et</strong></span> <span class='ocrx_word' id='word_1_126' title='bbox 197 1601 464 1661; x_wconf 82' lang='lat' dir='ltr'><strong>polientibus</strong></span> <span class='ocrx_word' id='word_1_127' title='bbox 489 1609 534 1643; x_wconf 86' lang='lat' dir='ltr'><strong>et</strong></span> <span class='ocrx_word' id='word_1_128' title='bbox 557 1599 838 1642; x_wconf 82' lang='lat' dir='ltr'><strong>tornantibus</strong></span> <span class='ocrx_word' id='word_1_129' title='bbox 858 1600 912 1641; x_wconf 88' lang='lat' dir='ltr'><strong>ad</strong></span> <span class='ocrx_word' id='word_1_130' title='bbox 933 1614 1072 1644; x_wconf 87' lang='lat' dir='ltr'><strong>unum</strong></span> <span class='ocrx_word' id='word_1_131' title='bbox 1094 1600 1294 1643; x_wconf 90' lang='lat' dir='ltr'><strong>omnibus</strong></span> <span class='ocrx_word' id='word_1_132' title='bbox 1318 1600 1495 1658; x_wconf 51' lang='lat' dir='ltr'><strong>praech</strong></span> 
     </span>
     <span class='ocr_line' id='line_1_22' title="bbox 127 1665 1493 1729; baseline -0.003 -17"><span class='ocrx_word' id='word_1_133' title='bbox 127 1671 300 1729; x_wconf 74' lang='lat' dir='ltr'><strong>pimuS,</strong></span> <span class='ocrx_word' id='word_1_134' title='bbox 331 1683 424 1713; x_wconf 87' lang='lat' dir='ltr'><strong>non</strong></span> <span class='ocrx_word' id='word_1_135' title='bbox 453 1665 571 1715; x_wconf 83' lang='lat' dir='ltr'><strong>hano</strong></span> <span class='ocrx_word' id='word_1_136' title='bbox 592 1666 726 1722; x_wconf 82' lang='lat' dir='ltr'><strong>dicis3</strong></span> <span class='ocrx_word' id='word_1_137' title='bbox 766 1665 878 1709; x_wconf 83' lang='lat' dir='ltr'><strong>haec</strong></span> <span class='ocrx_word' id='word_1_138' title='bbox 901 1666 1024 1709; x_wconf 83' lang='lat' dir='ltr'><strong>enim</strong></span> <span class='ocrx_word' id='word_1_139' title='bbox 1047 1674 1197 1710; x_wconf 86' lang='lat' dir='ltr'><strong>nonne</strong></span> <span class='ocrx_word' id='word_1_140' title='bbox 1215 1683 1287 1710; x_wconf 88' lang='lat' dir='ltr'><strong>ars</strong></span> <span class='ocrx_word' id='word_1_141' title='bbox 1309 1676 1376 1711; x_wconf 87' lang='lat' dir='ltr'><strong>est</strong></span> <span class='ocrx_word' id='word_1_142' title='bbox 1401 1667 1493 1723; x_wconf 83' lang='lat' dir='ltr'><strong>tig-</strong></span> 
     </span>
     <span class='ocr_line' id='line_1_23' title="bbox 126 1738 750 1781; baseline -0.002 -1"><span class='ocrx_word' id='word_1_143' title='bbox 126 1738 252 1781; x_wconf 87' lang='lat' dir='ltr'><strong>naria</strong></span> <span class='ocrx_word' id='word_1_144' title='bbox 265 1739 288 1781; x_wconf 71' lang='lat'><strong>‘3</strong></span> <span class='ocrx_word' id='word_1_145' title='bbox 747 1754 750 1757; x_wconf 56' lang='lat'><strong>⁴</strong></span> 
     </span>
    </p>

    <p class='ocr_par' dir='ltr' id='par_1_14' title="bbox 242 1802 629 1849">
     <span class='ocr_line' id='line_1_24' title="bbox 242 1802 629 1849; baseline -0.013 0"><span class='ocrx_word' id='word_1_146' title='bbox 242 1805 350 1849; x_wconf 77' lang='lat' dir='ltr'><strong>The.</strong></span> <span class='ocrx_word' id='word_1_147' title='bbox 405 1802 487 1847; x_wconf 83' lang='lat' dir='ltr'><strong>Est</strong></span> <span class='ocrx_word' id='word_1_148' title='bbox 507 1817 629 1845; x_wconf 86' lang='lat' dir='ltr'><strong>vero.</strong></span> 
     </span>
    </p>

    <p class='ocr_par' dir='ltr' id='par_1_15' title="bbox 127 1867 1493 2125">
     <span class='ocr_line' id='line_1_25' title="bbox 238 1867 1493 1926; baseline -0.003 -13"><span class='ocrx_word' id='word_1_149' title='bbox 238 1871 311 1913; x_wconf 85' lang='lat' dir='ltr'><strong>So.</strong></span> <span class='ocrx_word' id='word_1_150' title='bbox 366 1870 428 1913; x_wconf 86' lang='lat' dir='ltr'><strong>At</strong></span> <span class='ocrx_word' id='word_1_151' title='bbox 453 1869 640 1915; x_wconf 78' lang='lat' dir='ltr'><strong>fortasse</strong></span> <span class='ocrx_word' id='word_1_152' title='bbox 667 1883 754 1925; x_wconf 88' lang='lat' dir='ltr'><strong>qua</strong></span> <span class='ocrx_word' id='word_1_153' title='bbox 785 1867 855 1910; x_wconf 93' lang='lat' dir='ltr'><strong>his</strong></span> <span class='ocrx_word' id='word_1_154' title='bbox 875 1868 1084 1912; x_wconf 85' lang='lat' dir='ltr'><strong>omnibus</strong></span> <span class='ocrx_word' id='word_1_155' title='bbox 1102 1867 1300 1926; x_wconf 84' lang='lat' dir='ltr'><strong>ipsisque</strong></span> <span class='ocrx_word' id='word_1_156' title='bbox 1319 1868 1493 1925; x_wconf 57' lang='lat' dir='ltr'><strong>agriem·</strong></span> 
     </span>
     <span class='ocr_line' id='line_1_26' title="bbox 127 1935 1491 1994; baseline -0.001 -14"><span class='ocrx_word' id='word_1_157' title='bbox 127 1938 182 1980; x_wconf 85' lang='lat' dir='ltr'><strong>lis</strong></span> <span class='ocrx_word' id='word_1_158' title='bbox 224 1946 269 1981; x_wconf 85' lang='lat' dir='ltr'><strong>et</strong></span> <span class='ocrx_word' id='word_1_159' title='bbox 294 1937 428 1980; x_wconf 82' lang='lat' dir='ltr'><strong>fabris</strong></span> <span class='ocrx_word' id='word_1_160' title='bbox 455 1936 657 1993; x_wconf 84' lang='lat' dir='ltr'><strong>tignariis</strong></span> <span class='ocrx_word' id='word_1_161' title='bbox 685 1944 729 1977; x_wconf 83' lang='lat' dir='ltr'><strong>et</strong></span> <span class='ocrx_word' id='word_1_162' title='bbox 758 1935 993 1994; x_wconf 86' lang='lat' dir='ltr'><strong>opificibus</strong></span> <span class='ocrx_word' id='word_1_163' title='bbox 1013 1937 1220 1979; x_wconf 89' lang='lat' dir='ltr'><strong>omnibus</strong></span> <span class='ocrx_word' id='word_1_164' title='bbox 1255 1944 1297 1978; x_wconf 83' lang='lat' dir='ltr'><strong>et</strong></span> <span class='ocrx_word' id='word_1_165' title='bbox 1326 1936 1491 1978; x_wconf 76' lang='lat' dir='ltr'><strong>artium</strong></span> 
     </span>
     <span class='ocr_line' id='line_1_27' title="bbox 128 2002 1492 2062; baseline -0.002 -15"><span class='ocrx_word' id='word_1_166' title='bbox 128 2004 375 2062; x_wconf 81' lang='lat' dir='ltr'><strong>imperitis,</strong></span> <span class='ocrx_word' id='word_1_167' title='bbox 422 2012 512 2046; x_wconf 79' lang='lat' dir='ltr'><strong>tam</strong></span> <span class='ocrx_word' id='word_1_168' title='bbox 552 2002 816 2045; x_wconf 84' lang='lat' dir='ltr'><strong>mulieribus</strong></span> <span class='ocrx_word' id='word_1_169' title='bbox 858 2018 992 2058; x_wconf 83' lang='lat' dir='ltr'><strong>quam</strong></span> <span class='ocrx_word' id='word_1_170' title='bbox 1039 2005 1149 2047; x_wconf 82' lang='lat' dir='ltr'><strong>viris</strong></span> <span class='ocrx_word' id='word_1_171' title='bbox 1193 2004 1492 2061; x_wconf 80' lang='lat' dir='ltr'><strong>imperamus3</strong></span> 
     </span>
     <span class='ocr_line' id='line_1_28' title="bbox 127 2061 1482 2125; baseline -0.004 -12"><span class='ocrx_word' id='word_1_172' title='bbox 127 2071 243 2113; x_wconf 79' lang='lat' dir='ltr'><strong>hanc</strong></span> <span class='ocrx_word' id='word_1_173' title='bbox 259 2070 443 2112; x_wconf 71' lang='lat' dir='ltr'><strong>fortasse</strong></span> <span class='ocrx_word' id='word_1_174' title='bbox 467 2069 574 2111; x_wconf 86' lang='lat' dir='ltr'><strong>dicis</strong></span> <span class='ocrx_word' id='word_1_175' title='bbox 596 2068 871 2125; x_wconf 82' lang='lat' dir='ltr'><strong>sapientiam.</strong></span> <span class='ocrx_word' id='word_1_176' title='bbox 1480 2061 1482 2065; x_wconf 42' lang='lat'><strong><em>¹</em></strong></span> 
     </span>
    </p>

    <p class='ocr_par' dir='ltr' id='par_1_16' title="bbox 245 2135 1288 2189">
     <span class='ocr_line' id='line_1_29' title="bbox 245 2135 1288 2189; baseline -0.004 -8"><span class='ocrx_word' id='word_1_177' title='bbox 245 2138 351 2181; x_wconf 72' lang='lat' dir='ltr'><strong>lee.</strong></span> <span class='ocrx_word' id='word_1_178' title='bbox 409 2137 533 2179; x_wconf 85' lang='lat' dir='ltr'><strong>Hanc</strong></span> <span class='ocrx_word' id='word_1_179' title='bbox 554 2136 744 2186; x_wconf 86' lang='lat' dir='ltr'><strong>dudum,</strong></span> <span class='ocrx_word' id='word_1_180' title='bbox 773 2135 977 2189; x_wconf 77' lang='lat' dir='ltr'><strong>Socrate,</strong></span> <span class='ocrx_word' id='word_1_181' title='bbox 1004 2137 1106 2179; x_wconf 85' lang='lat' dir='ltr'><strong>volo</strong></span> <span class='ocrx_word' id='word_1_182' title='bbox 1127 2137 1288 2180; x_wconf 83' lang='lat' dir='ltr'><strong>dicere.</strong></span> 
     </span>
    </p>

    <p class='ocr_par' dir='ltr' id='par_1_17' title="bbox 129 2201 1491 2463">
     <span class='ocr_line' id='line_1_30' title="bbox 239 2201 1491 2261; baseline 0 -14"><span class='ocrx_word' id='word_1_183' title='bbox 239 2206 313 2247; x_wconf 85' lang='lat' dir='ltr'><strong>So.</strong></span> <span class='ocrx_word' id='word_1_184' title='bbox 370 2203 574 2246; x_wconf 87' lang='lat' dir='ltr'><strong>Habesne</strong></span> <span class='ocrx_word' id='word_1_185' title='bbox 601 2217 711 2245; x_wconf 79' lang='lat' dir='ltr'><strong>vero</strong></span> <span class='ocrx_word' id='word_1_186' title='bbox 735 2201 905 2255; x_wconf 86' lang='lat' dir='ltr'><strong>dicere,</strong></span> <span class='ocrx_word' id='word_1_187' title='bbox 944 2212 1100 2246; x_wconf 82' lang='lat' dir='ltr'><strong>utrum</strong></span> <span class='ocrx_word' id='word_1_188' title='bbox 1123 2204 1383 2261; x_wconf 84' lang='lat' dir='ltr'><strong>Aegisthus,</strong></span> <span class='ocrx_word' id='word_1_189' title='bbox 1412 2205 1491 2261; x_wconf 84' lang='lat' dir='ltr'><strong>qni</strong></span> 
     </span>
     <span class='ocr_line' id='line_1_31' title="bbox 129 2268 1490 2328; baseline 0.001 -16"><span class='ocrx_word' id='word_1_190' title='bbox 129 2272 508 2328; x_wconf 86' lang='lat' dir='ltr'><strong>Agamemnonem</strong></span> <span class='ocrx_word' id='word_1_191' title='bbox 539 2268 782 2320; x_wconf 80' lang='lat' dir='ltr'><strong>interfecit,</strong></span> <span class='ocrx_word' id='word_1_192' title='bbox 818 2269 950 2326; x_wconf 80' lang='lat' dir='ltr'><strong>Argis</strong></span> <span class='ocrx_word' id='word_1_193' title='bbox 979 2270 1048 2312; x_wconf 86' lang='lat' dir='ltr'><strong>his</strong></span> <span class='ocrx_word' id='word_1_194' title='bbox 1070 2271 1363 2328; x_wconf 82' lang='lat' dir='ltr'><strong>imperaverit</strong></span> <span class='ocrx_word' id='word_1_195' title='bbox 1383 2288 1490 2327; x_wconf 84' lang='lat' dir='ltr'><strong>quos</strong></span> 
     </span>
     <span class='ocr_line' id='line_1_32' title="bbox 130 2337 1491 2394; baseline 0.001 -13"><span class='ocrx_word' id='word_1_196' title='bbox 130 2347 177 2381; x_wconf 76' lang='lat' dir='ltr'><strong>tu</strong></span> <span class='ocrx_word' id='word_1_197' title='bbox 198 2339 472 2389; x_wconf 81' lang='lat' dir='ltr'><strong>memorasti,</strong></span> <span class='ocrx_word' id='word_1_198' title='bbox 509 2337 740 2394; x_wconf 83' lang='lat' dir='ltr'><strong>opificibus</strong></span> <span class='ocrx_word' id='word_1_199' title='bbox 760 2344 804 2378; x_wconf 92' lang='lat' dir='ltr'><strong>et</strong></span> <span class='ocrx_word' id='word_1_200' title='bbox 824 2337 990 2379; x_wconf 80' lang='lat' dir='ltr'><strong>artium</strong></span> <span class='ocrx_word' id='word_1_201' title='bbox 1015 2339 1236 2394; x_wconf 78' lang='lat' dir='ltr'><strong>imperitis</strong></span> <span class='ocrx_word' id='word_1_202' title='bbox 1255 2348 1296 2381; x_wconf 88' lang='lat' dir='ltr'><strong>et</strong></span> <span class='ocrx_word' id='word_1_203' title='bbox 1318 2340 1427 2382; x_wconf 84' lang='lat' dir='ltr'><strong>viris</strong></span> <span class='ocrx_word' id='word_1_204' title='bbox 1449 2348 1491 2383; x_wconf 87' lang='lat' dir='ltr'><strong>et</strong></span> 
     </span>
     <span class='ocr_line' id='line_1_33' title="bbox 131 2403 1401 2463; baseline 0.002 -16"><span class='ocrx_word' id='word_1_205' title='bbox 131 2406 391 2448; x_wconf 84' lang='lat' dir='ltr'><strong>mulieribus</strong></span> <span class='ocrx_word' id='word_1_206' title='bbox 413 2405 464 2446; x_wconf 81' lang='lat' dir='ltr'><strong>ad</strong></span> <span class='ocrx_word' id='word_1_207' title='bbox 488 2421 627 2447; x_wconf 87' lang='lat' dir='ltr'><strong>unum</strong></span> <span class='ocrx_word' id='word_1_208' title='bbox 649 2403 877 2456; x_wconf 87' lang='lat' dir='ltr'><strong>omnibus,</strong></span> <span class='ocrx_word' id='word_1_209' title='bbox 906 2418 963 2447; x_wconf 85' lang='lat' dir='ltr'><strong>an</strong></span> <span class='ocrx_word' id='word_1_210' title='bbox 985 2404 1080 2447; x_wconf 84' lang='lat' dir='ltr'><strong>aliis</strong></span> <span class='ocrx_word' id='word_1_211' title='bbox 1101 2406 1363 2463; x_wconf 84' lang='lat' dir='ltr'><strong>quibusdam</strong></span> <span class='ocrx_word' id='word_1_212' title='bbox 1381 2410 1401 2451; x_wconf 76' lang='grc' dir='ltr'><strong>’Ξ</strong></span> 
     </span>
    </p>

    <p class='ocr_par' dir='ltr' id='par_1_18' title="bbox 251 2470 746 2524">
     <span class='ocr_line' id='line_1_34' title="bbox 251 2470 746 2524; baseline -0.004 -8"><span class='ocrx_word' id='word_1_213' title='bbox 251 2472 358 2516; x_wconf 74' lang='lat' dir='ltr'><strong>The.</strong></span> <span class='ocrx_word' id='word_1_214' title='bbox 415 2473 540 2524; x_wconf 81' lang='lat' dir='ltr'><strong>Non,</strong></span> <span class='ocrx_word' id='word_1_215' title='bbox 566 2470 640 2514; x_wconf 87' lang='lat' dir='ltr'><strong>sed</strong></span> <span class='ocrx_word' id='word_1_216' title='bbox 662 2470 746 2514; x_wconf 87' lang='lat' dir='ltr'><strong>his.</strong></span> 
     </span>
    </p>

    <p class='ocr_par' dir='ltr' id='par_1_19' title="bbox 136 2538 1489 2663">
     <span class='ocr_line' id='line_1_35' title="bbox 245 2538 1489 2594; baseline 0.006 -15"><span class='ocrx_word' id='word_1_217' title='bbox 245 2539 316 2580; x_wconf 88' lang='lat' dir='ltr'><strong>So.</strong></span> <span class='ocrx_word' id='word_1_218' title='bbox 370 2539 494 2594; x_wconf 86' lang='lat' dir='ltr'><strong>Quid</strong></span> <span class='ocrx_word' id='word_1_219' title='bbox 516 2539 652 2582; x_wconf 81' lang='lat' dir='ltr'><strong>vero?</strong></span> <span class='ocrx_word' id='word_1_220' title='bbox 681 2538 836 2583; x_wconf 86' lang='lat' dir='ltr'><strong>Peleus</strong></span> <span class='ocrx_word' id='word_1_221' title='bbox 855 2538 992 2587; x_wconf 84' lang='lat' dir='ltr'><strong>Aeaci</strong></span> <span class='ocrx_word' id='word_1_222' title='bbox 1013 2539 1325 2586; x_wconf 81' lang='lat' dir='ltr'><strong>filiusPhthiae</strong></span> <span class='ocrx_word' id='word_1_223' title='bbox 1340 2559 1489 2587; x_wconf 87' lang='lat' dir='ltr'><strong>nonne</strong></span> 
     </span>
     <span class='ocr_line' id='line_1_36' title="bbox 136 2606 683 2663; baseline 0 -15"><span class='ocrx_word' id='word_1_224' title='bbox 136 2606 301 2649; x_wconf 88' lang='lat' dir='ltr'><strong>eisdem</strong></span> <span class='ocrx_word' id='word_1_225' title='bbox 323 2606 390 2647; x_wconf 85' lang='lat' dir='ltr'><strong>his</strong></span> <span class='ocrx_word' id='word_1_226' title='bbox 411 2606 683 2663; x_wconf 76' lang='lat' dir='ltr'><strong>imperavit?</strong></span> 
     </span>
    </p>
   </div>
   <div class='ocr_carea' id='block_1_3' title="bbox 254 2673 577 2717">
    <p class='ocr_par' dir='ltr' id='par_1_20' title="bbox 254 2673 577 2717">
     <span class='ocr_line' id='line_1_37' title="bbox 254 2673 577 2717; baseline 0.006 -2"><span class='ocrx_word' id='word_1_227' title='bbox 254 2673 357 2717; x_wconf 74' lang='lat' dir='ltr'><strong>The.</strong></span> <span class='ocrx_word' id='word_1_228' title='bbox 415 2673 577 2717; x_wconf 75' lang='lat' dir='ltr'><strong>Etiam.</strong></span> 
     </span>
    </p>
   </div>
  </div>
 </body>
</html>
