1670 2872
413 115 787 188 fnPOLOGIA
819 144 1168 186 soantrls.
1393 152 1483 187 111

134 281 222 316 tem
288 281 387 312 ores
403 265 695 317 habebantur,
721 262 777 306 ad
794 228 1080 320 prudentiam
1098 261 1376 320 probatiores
1399 274 1494 305 esse

132 339 210 383 h
255 319 296 386 J
337 367 347 377 .
386 341 568 391 oportet
593 332 715 375 enim
749 333 827 374 me
862 329 987 372 vobis
1021 328 1254 372 ostendere
1276 337 1495 388 qnantum

133 401 435 448 oberraverim
457 407 502 442 et
534 403 644 457 quos
673 398 796 455 quasi
821 396 1145 441 exantlaverim
1169 394 1382 450 labores,
1406 407 1494 455 'qno

131 469 339 515 videlicet
357 468 465 511 adeo
484 476 658 511 certum
680 465 792 510 mihi
811 465 940 508 fieret
958 464 1190 506 ocaculum
1211 474 1263 508 ut
1278 466 1369 510 iam
1390 478 1501 507 con-

130 536 252 582 vinci
276 552 369 580 non
387 544 535 594 posset
553 524 659 578 nam
680 542 782 592 post
801 533 954 576 civiles
975 532 1095 575 viros
1124 533 1315 576 conveni
1345 542 1499 592 poetas

130 614 228 648 tum
250 603 436 661 tragicos
454 613 552 647 tum
570 597 916 660 dithyrambicos
935 609 1030 643 tum
1060 607 1230 641 ceteros
1243 631 1254 650 ‚
1286 600 1352 642 ibi
1373 600 1499 662 arbj-

131 682 253 716 trans
274 669 374 714 fore
402 679 452 714 ut
480 670 717 715 manifesto
748 668 836 712 iuis
862 667 1088 711 indoctior
1118 666 1360 725 reperirer.
1393 681 1500 725 ergo

131 739 182 781 in
201 753 357 781 manus
385 738 574 796 sumptis
605 753 763 780 eorum
786 736 1081 788 carminibus,
1121 749 1235 792 quae
1260 734 1373 776 mihi
1403 749 1504 777 ma-

133 805 259 848 xime
279 805 333 847 ab
355 806 410 848 iis
430 806 652 849 elaborata
671 806 949 856 viderentur,
975 804 1129 847 sedulo
1153 818 1226 845 eos
1247 803 1503 860 interroga-

134 872 238 916 bam
257 872 361 930 quid
379 874 567 922 diceret,
593 880 643 915 ut
675 872 808 915 simul
840 872 974 915 etiam
1002 870 1171 927 aliquid
1199 870 1419 914 discerem
1448 870 1504 912 ab

135 939 236 982 illis.
255 940 375 996 atqui
399 940 540 997 pudet
556 954 629 982 me
648 940 771 982 vobis
790 954 949 983 verum
967 938 1113 990 fateri,
1141 937 1284 992 cives3
1311 946 1508 981 attamen

136 1005 368 1048 fatendum
399 1016 475 1050 est.
504 1021 608 1049 nam
636 1021 780 1064 prope
813 1006 1031 1056 dixerim,
1072 1019 1227 1046 omnes
1257 1019 1402 1062 paene
1429 1005 1508 1061 qui

137 1072 213 1114 hic
233 1072 390 1125 adsunt
409 1072 503 1115 istis
521 1072 679 1116 melius
699 1073 896 1117 dicerent
918 1073 971 1115 de
989 1072 1046 1115 iis
1066 1087 1179 1129 quae
1197 1072 1274 1114 isti
1293 1071 1508 1118 fecerant.

138 1139 260 1182 unde
278 1139 483 1183 intellexi
503 1140 631 1183 brevi
645 1141 778 1184 etiam
795 1150 945 1198 poetas
968 1155 1078 1196 quae
1089 1139 1290 1182 facerent
1309 1139 1511 1182 carmina

140 1221 193 1248 ea
218 1222 311 1249 non
331 1207 547 1264 sapientia
568 1207 720 1250 ductos
741 1207 914 1258 facere,
944 1209 1020 1249 sed
1040 1215 1224 1249 naturae
1249 1206 1438 1262 quadam
1460 1206 1510 1249 vi

140 1281 184 1316 et
205 1273 357 1316 divino
376 1274 523 1317 afflatu
542 1274 795 1325 concitatos,
822 1273 963 1316 veluti
982 1282 1102 1316 vates
1123 1282 1252 1330 atque
1274 1273 1508 1327 fatidicos3

140 1356 244 1384 nam
264 1341 315 1384 hi
334 1356 512 1398 quoque
533 1341 676 1385 multa
694 1350 738 1385 et
766 1342 996 1400 praeclara
1028 1341 1205 1393 dicunt,
1244 1355 1327 1383 nec
1358 1349 1511 1384 tamen

143 1409 380 1466 quicquam
407 1409 665 1467 intelligunt
698 1424 856 1452 eorum
890 1424 1003 1466 quae
1033 1409 1214 1453 dicunt:
1255 1408 1342 1452 hoc
1373 1408 1510 1452 etiam

141 1476 284 1535 poetis
301 1477 490 1534 cognovi
506 1476 732 1531 accidere3
760 1477 982 1534 simulque
999 1477 1295 1522 animadverti
1315 1490 1513 1535 eospro-

141 1552 244 1604 pter
263 1545 513 1588 carminum
542 1543 880 1588 condendorum
907 1554 1048 1589 artem
1079 1554 1240 1604 putare
1273 1560 1320 1588 se
1351 1560 1510 1588 rerum

143 1627 319 1670 quoque
347 1620 597 1656 ceterarum
632 1613 978 1671 sapientissimos
1015 1628 1109 1656 esse
1139 1613 1372 1667 homines,
1401 1629 1513 1671 qua-

144 1695 250 1724 rum
283 1695 377 1723 non
409 1689 563 1724 essent.
598 1681 747 1738 itaque
774 1681 908 1724 etiam
945 1681 1051 1724 hinc
1080 1682 1178 1730 abi,
1217 1682 1402 1724 credens
1437 1695 1513 1722 me

145 1747 234 1791 illis
252 1748 406 1792 eadem
428 1764 479 1791 re
498 1748 780 1807 superiorem
801 1764 918 1803 esse,
946 1765 1032 1807 qua
1057 1749 1241 1792 fuissem
1263 1749 1374 1792 viris
1394 1748 1512 1791 civi-

147 1815 277 1858 libus.
296 1825 520 1874 postremo
531 1816 586 1860 ad
604 1817 793 1861 artifices
811 1816 900 1871 ivi3
918 1833 1022 1860 nam
1037 1818 1238 1860 conscius
1252 1816 1363 1859 mihi
1375 1831 1515 1865 eram,

148 1880 264 1922 nihil
292 1885 620 1940 propemodum
657 1901 731 1928 me
768 1885 907 1937 scire,
947 1885 1029 1928 hos
1058 1895 1208 1931 autem
1244 1899 1404 1927 noram
1441 1898 1517 1925 me

151 1948 294 1990 multa
325 1955 369 1990 et
396 1955 624 2006 praeclara
651 1954 802 1996 doctos
831 1963 1119 2011 reperturum
1149 1969 1255 1996 esse.
1288 1966 1433 2008 neque
1465 1964 1518 1991 ea.

152 2015 332 2073 quidem
359 2031 431 2058 me
462 2017 625 2066 fefellit
660 2020 826 2076 opino,
862 2021 939 2062 sed
971 2021 1166 2062 sciebant
1192 2035 1264 2061 res
1295 2035 1400 2075 quas
1433 2033 1515 2075 ego

151 2084 429 2135 nesciebam,
461 2093 504 2128 et
528 2085 739 2130 hactenus
757 2100 831 2127 me
849 2086 1139 2142 sapientiores
1172 2094 1309 2128 erant.
1336 2101 1514 2137 verum,

153 2150 472 2203 Athenienses,
499 2153 656 2196 eodem
679 2153 814 2203 vitio,
845 2169 932 2210 quo
958 2162 1141 2212 poetae,
1168 2154 1373 2197 laborare
1403 2153 1518 2196 mihi

154 2219 246 2262 visi
275 2228 378 2262 sunt
408 2220 541 2262 etiam
571 2220 675 2262 boni
709 2220 913 2278 opifices:
953 2222 1067 2278 quod
1108 2228 1251 2264 artem
1289 2221 1518 2280 praeclare

155 2294 418 2340 tractarent,
445 2288 660 2345 putabant
687 2303 734 2330 se
754 2290 940 2346 quisque
967 2299 1216 2333 ceterarum
1243 2304 1420 2347 quoque
1441 2303 1517 2331 re-

156 2368 255 2395 rrm
274 2356 346 2397 vel
364 2355 665 2402 maximarum
685 2357 1032 2414 sapientissimos
1055 2372 1158 2400 esse.
1180 2366 1312 2414 atque
1337 2357 1411 2399 hic
1442 2371 1519 2398 eo-

160 2434 263 2460 rum
293 2435 417 2463 error
448 2423 711 2480 sapientiam
741 2424 863 2468 illam
900 2425 1171 2468 obscurabat.
1208 2425 1416 2481 quocirca
1446 2438 1520 2467 me

159 2485 308 2542 ipsum
327 2502 501 2545 quoque
520 2491 848 2548 interrogabam
868 2494 1033 2536 oraculi
1051 2493 1247 2544 nomine,
1274 2502 1427 2535 utrum
1445 2505 1520 2533 me

162 2553 326 2595 vellem
348 2555 479 2598 talem
503 2572 594 2600 esse
627 2560 764 2615 qualis
794 2576 960 2616 essem,
997 2561 1059 2605 ita
1089 2570 1140 2604 ut
1168 2576 1312 2618 neque
1333 2560 1519 2602 illorum

161 2621 399 2678 sapientiae
414 2640 557 2683 neque
574 2627 825 2686 imperitiae
843 2645 980 2680 essem
999 2631 1235 2688 particeps,
1270 2644 1326 2671 an
1344 2636 1519 2670 utrum-
