1696 2898
615 145 1000 206 LAcHEs.
1241 205 1246 210 ἡ
1382 155 1478 194 623

117 280 272 310 omnes
301 263 522 324 sophistas
548 275 713 311 vocum
751 259 1176 323 distinguendarum
1194 263 1376 319 scientia
1400 278 1486 310 ud

117 334 250 379 cellit.
1375 366 1378 369 -

227 397 314 442 La.
370 399 511 442 Decet
537 397 698 452 etiam,
746 398 953 452 Socrate,
993 368 1257 475 sophistam
1263 380 1403 458 magis
1438 399 1490 443 in

114 465 371 510 huiusmodi
398 465 533 508 rebus
563 481 610 508 se
638 466 802 509 iactare
834 474 969 523 quam
997 466 1151 511 virum
1183 480 1316 525 quem
1335 466 1489 511 civitas

116 534 302 592 dignum
322 532 486 577 iudicat
510 532 587 589 qui
610 532 697 590 ipsi
720 533 900 591 praesit.
1207 567 1210 568 ⁷

234 601 306 644 So
361 600 503 645 Decet
521 615 642 652 sane,
667 599 734 644 mi
754 600 939 659 optime,
968 600 1106 645 rebus
1124 600 1336 645 maximis
1353 615 1490 658 prae-

116 665 286 711 fectum
313 667 561 712 maximam
592 666 758 711 habere
789 665 1092 724 prudentiam.
1133 666 1313 710 videtur
1339 674 1492 711 autem

117 734 233 777 mihi
252 734 435 792 dignum
460 747 554 776 esse
575 732 693 790 quod
713 733 977 791 exquiratur
991 764 1004 786 ,
1043 747 1261 791 quorsum
1288 742 1490 793 spectans

118 801 268 847 Nicias
288 801 375 845 hoc
399 815 566 847 nomen
587 807 743 860 ponat,
767 798 1094 859 fortitudinem.

228 869 318 913 La.
376 869 478 926 Ipse
499 868 638 925 igitur
658 866 860 926 exquire,
890 866 1085 914 Socrate.

230 947 306 994 So.
360 947 458 994 Hoc
496 963 597 990 sum
624 945 846 1000 facturus,
891 946 963 990 vir
1006 945 1202 1004 optime3
1249 961 1311 990 ne
1338 954 1492 991 tamen

122 1014 332 1058 existima
359 1029 436 1059 me
454 1012 744 1066 dimissulum
764 1028 861 1056 esse
884 1018 931 1057 te
952 1028 979 1056 a
997 1012 1333 1059 communitate
1336 1013 1494 1073 dispu-

120 1082 323 1134 tationis,
373 1081 450 1124 sed
481 1080 663 1126 adveite
701 1079 904 1127 animum
933 1089 977 1129 et
1010 1082 1202 1142 exquire
1230 1095 1409 1162 mecum
1442 1096 1494 1125 ea
1535 1078 1540 1083 '

121 1164 235 1206 quae
253 1149 475 1192 dicuntur.

231 1215 319 1259 La.
376 1215 485 1258 Esto
509 1215 586 1268 ita,
615 1215 654 1259 'si
674 1215 977 1261 necessarium
998 1214 1188 1260 videtur.

230 1283 301 1327 So.
358 1281 475 1326 Sane
495 1283 692 1334 videtur.
718 1293 769 1328 tu
781 1293 945 1337 autem,
973 1283 1117 1337 Nicia,
1145 1282 1221 1329 dic
1231 1281 1367 1325 nobis
1385 1296 1495 1338 rur-

120 1364 195 1392 sus
217 1349 272 1394 ab
295 1348 448 1395 initio.
489 1351 572 1393 scis
601 1350 916 1395 fortitudinem
946 1365 1024 1393 vos
1046 1349 1096 1392 in
1121 1348 1344 1406 sei-monis
1362 1351 1496 1411 prin-

122 1415 291 1528 cipioN
261 1422 490 1474 tamquam
506 1415 687 1462 virtutis
714 1426 892 1480 partem
911 1415 1223 1471 considerasse
1263 1459 1283 1468 ..

328 1483 491 1532 Sane
510 1484 727 1546 quidem.
748 1531 770 1536 v,
1425 1531 1430 1540 ,

235 1559 308 1610 Se.
363 1563 527 1611 Nonne
556 1571 605 1604 tu
630 1570 806 1618 quoque
834 1561 1116 1618 respondens
1137 1576 1223 1618 pro
1244 1569 1374 1620 parte
1396 1577 1497 1608 eam

122 1628 352 1679 habebaS,
369 1643 511 1704 quum
531 1628 657 1671 aliae
654 1635 898 1684 praeterea
918 1634 1065 1683 partes
1091 1633 1238 1670 essent
1262 1641 1374 1687 quae
1396 1643 1496 1674 om·-

125 1710 206 1739 nes
228 1710 321 1738 uno
337 1693 518 1740 virtutis
541 1692 728 1739 nomine
746 1691 1061 1762 afficerentur
1045 1692 1094 1732 9.

376 1771 579 1830 Quidni
564 1772 586 1802 9

235 1772 320 1897 Shiz
365 1850 488 1894 Num
505 1849 644 1907 igitur
669 1863 782 1907 quae
803 1862 906 1908 ego,
944 1857 996 1893 tu
1026 1863 1202 1907 quoque
1219 1849 1330 1896 haec
1356 1854 1497 1903 dicis?

130 1932 212 1977 ego
232 1919 354 1966 euim
383 1925 566 1977 praeter
597 1915 669 1962 foi
674 1915 909 1962 titudinem
933 1917 1275 1975 temperantiam
1301 1929 1346 1964 et
1363 1921 1498 1967 iusti-

130 1987 239 2030 tiam
264 1993 308 2030 ‘et
323 1983 430 2027 alias
448 1982 622 2043 generis
644 1983 842 2029 eiusdem
867 1983 980 2038 dico,
1007 1998 1160 2057 nonne
1184 1993 1234 2028 tu
1257 2001 1432 2047 quoque
1447 1990 1471 2035 ’ἓ

242 2062 326 2108 Ni.
351 2054 497 2107 Sane
519 2060 715 2118 quidem.

244 2141 315 2187 So.
371 2138 577 2198 Agedum
604 2139 720 2191 (hoc
753 2140 876 2184 enim
902 2141 1023 2185 inter
1051 2157 1133 2187 nos
1176 2146 1414 2200 convenit)
1444 2145 1499 2207 de

133 2208 268 2252 rebus
297 2206 599 2254 formidolosis
631 2207 955 2266 contlariisque
983 2209 1236 2263 videamus,
1285 2220 1336 2275 ut
1363 2227 1430 2255 ne
1447 2202 1500 2273 tu

137 2276 243 2318 alias
265 2290 372 2332 quas
395 2273 648 2325 existimes,
683 2289 765 2316 nos
794 2275 917 2318 alias.
946 2291 1053 2332 quas
1077 2277 1216 2335 igitur
1236 2293 1318 2323 nos
1342 2268 1501 2323 existi-

137 2355 326 2396 memus,
353 2342 434 2385 tibi
458 2341 680 2393 dicemus,
697 2350 739 2384 et
759 2350 821 2396 tu,
849 2343 887 2385 si
913 2358 1003 2386 non
1026 2345 1275 2396 assenseris,
1306 2345 1498 2389 docebis.

140 2408 448 2470 existimamus
478 2409 617 2464 igitur
645 2409 930 2465 formidolosa
966 2422 1059 2453 esse
1100 2420 1227 2469 atque
1251 2402 1502 2465 'metuenda

140 2489 252 2529 quae
281 2485 450 2518 metum
480 2476 709 2527 injiciant,
761 2477 963 2519 audenda
1006 2493 1112 2520 vero
1139 2487 1186 2525 et
1212 2478 1308 2521 sine
1336 2480 1500 2523 timore

141 2540 388 2592 subeunda,
418 2558 529 2599 quae
551 2543 724 2586 nullum
749 2542 935 2587 afferant
954 2553 1148 2600 metum3
1175 2545 1337 2590 afferre
1356 2540 1502 2589 autem

141 2616 313 2651 metum
332 2623 422 2653 non
441 2611 681 2668 praeterita
702 2625 785 2654 nec
804 2611 1054 2669 praesentia
1072 2613 1204 2667 mala,
1227 2613 1302 2656 sed
1319 2614 1383 2656 im
1386 2626 1502 2669 pen-
