1734 2872
386 144 395 165 l

450 185 894 241 ALci‘B-'i'ADEs
920 180 1192 240 Pm'i‘ftis‘:
1342 187 1345 193 ‘
1411 201 1501 238 245

170 307 310 359 {AL
369 303 494 376 Quid
524 323 632 361 vero
660 316 858 360 Cliniam
894 329 1143 391 memoras,
1183 315 1390 389 insanum
1418 313 1506 356 ho-

127 384 329 428 minem?
1124 401 1131 405 ·
1429 402 1433 404 “

364 451 595 509 Quoniam
613 451 753 510 igitur
778 451 947 495 Clinias
965 451 1132 494 insanit
1152 440 1210 492 et
1216 449 1402 493 Periclis
1423 449 1506 492 filii

97 452 294 562 stolidSio
287 518 498 572 fuerunt,
510 524 571 563 te
591 519 711 575 qu'od
732 520 915 572 attinet,
947 520 1056 578 quid
1075 533 1232 562 causae
1252 533 1344 561 esse
1363 508 1507 576 pona-

122 590 224 631 mhs
243 601 322 629 cnr
343 596 387 631 te
407 587 470 629 sic
495 587 706 630 affectum
727 587 956 644 negligat?

232 655 306 697 Al.
363 655 492 707 Mea,
535 654 722 712 opinor,
764 655 898 712 culpa
931 662 1024 706 est,
1069 653 1175 710 quia
1195 668 1289 695 non
1311 652 1507 696 attendo:

235 721 305 764 So.
363 722 425 765 At
454 722 509 764 de
542 721 728 779 reliquis
761 721 1112 765 Atheniensibus
1146 721 1221 763 vel
1252 721 1504 778 peregrinis

125 801 305 831 servum
330 797 404 832 aut
423 789 670 846 ingenuum
693 804 924 842 memora,
958 789 1064 846 ‘qni
1079 788 1250 831 dicatur
1268 802 1352 845 per
1373 788 1504 830 Peri-

125 856 604 900 clisconsuetudinem
632 859 879 918 sapientior
913 857 1161 910 exstitisse,
1210 854 1505 912 quemadmo-

126 923 233 965 dum
265 918 347 985 ego
383 924 463 966 tibi
497 939 681 982 possum
717 925 865 968 dicere
886 941 973 983 per
1001 923 1197 967 Zenonis
1217 923 1508 967 consuetudi-

126 990 572 1046 nem»2Pythodorum
607 993 798 1035 Iso'lo'chi
838 993 983 1036 filium
1019 999 1063 1033 et
1093 991 1278 1042 Calliam
1311 990 1506 1042 Calliade

126 1066 304 1108 natum,
346 1072 541 1114 quorum
573 1067 764 1114 uterque
791 1060 963 1102 Zenoni
988 1057 1169 1117 centuni
1188 1054 1506 1116 minas‘solvi‘n

127 1125 347 1182 sapientes
374 1133 418 1166 et
437 1124 630 1166 celebres
650 1127 855 1171 evasisse.
1131 1117 1133 1120 .

181 1213 183 1216 >
237 1193 312 1233 At.
371 1191 434 1234 At
453 1191 604 1235 hercle
627 1207 719 1234 non
743 1207 943 1250 possum.

236 1259 309 1300 So.
366 1259 461 1299 Iam
494 1258 601 1315 quid
629 1259 791 1315 cogitas
822 1261 875 1301 de
905 1262 1043 1304 temet
1073 1261 1206 1320 ipso?
1245 1268 1402 1304 unum
1434 1261 1502 1304 vis

126 1325 403 1380 acquiescele
435 1339 487 1367 eo
520 1340 606 1382 quo
635 1340 758 1367 nunc
789 1341 836 1368 es
866 1333 1009 1380 statu,
1049 1329 1106 1369 ah
1131 1334 1287 1370 curam
1307 1329 1502 1386 aliquam

127 1383 368 1435 adhibere?
463 1388 470 1392 ’
675 1403 681 1412 ··

217 1459 308 1501 ΑΙ.
365 1459 631 1503 Communis
648 1475 720 1503 res
740 1468 804 1503 est
825 1461 997 1514 consili,
1018 1461 1213 1506 Soc'rate.
1236 1477 1504 1520 quamquam

125 1526 327 1582 intelligo
350 1527 459 1582 quid
482 1528 599 1571 dicas
614 1536 665 1570 et
687 1527 921 1571 confiteor.
948 1529 1160 1572 videntur
1183 1531 1304 1572 enim
1328 1532 1405 1588 qui
1430 1547 1502 1574 res

126 1594 322 1651 publicas
339 1603 522 1653 gerunt,
552 1604 693 1654 qu'um
709 1611 735 1638 a
752 1596 904 1654 paucis
925 1596 1128 1652 discessi,
1156 1597 1390 1656 disciplina
1407 1615 1501 1641 nou

127 1677 219 1704 esse
249 1661 453 1705 instituti.

237 1723 308 1773 So.
366 1729 489 1785 Quid
515 1732 640 1774 tum?

240 1796 317 1838 Al.
377 1796 562 1855 Quippe
591 1798 628 1841 si
660 1807 804 1841 essent
825 1799 1027 1841 doctrina
1051 1800 1241 1853 exculti,
1271 1809 1502 1859 oporteret

130 1863 260 1905 etiam
298 1878 399 1906 eum
444 1867 522 1921 qui
564 1882 665 1910 cum
699 1868 761 1909 eis
791 1867 1058 1910 contendere
1087 1867 1249 1920 vellet,
1302 1868 1503 1911 doctrina.

131 1924 361 1972 excultum
394 1939 436 1973 et
469 1934 787 1976 exercitatione
804 1934 1032 1977 firmatum
1053 1949 1127 1975 eos
1150 1942 1375 1989 tamquam
1396 1934 1500 1976 ath-

128 1997 237 2038 letas
259 1996 461 2052 aggredi3
499 2013 644 2051 nunc,
677 2015 816 2055 quum
838 2001 887 2042 hi
908 2014 1084 2057 quoque
1101 2000 1304 2057 imperiti
1322 2001 1374 2041 ad
1398 2015 1497 2043 rem

128 2063 357 2121 publicam
377 2065 639 2107 accesserint
647 2083 664 2115 ‚·
706 2066 811 2122 quid
836 2082 947 2123 opus
970 2074 1034 2107 est
1064 2067 1383 2108 exercitatione
1405 2067 1497 2109 dis-

130 2130 346 2186 cendique
373 2129 557 2172 labore?
591 2146 671 2187 ego
704 2132 824 2175 euim
854 2141 973 2174 certo
1009 2131 1100 2174 scio
1127 2146 1202 2174 me
1221 2132 1290 2175 his
1314 2134 1494 2192 ingenio

28 2188 35 2191 ”
64 2252 66 2254 v
127 2198 262 2254 longe
282 2196 564 2254 multumque
582 2199 901 2255 praestiturum
922 2213 1029 2241 esse·
1509 2216 1513 2235 ι

241 2266 312 2308 So.
370 2265 538 2323 Papae,
579 2266 734 2322 quale,
774 2268 969 2324 optime,
1006 2265 1135 2309 istud
1158 2267 1332 2309 dixisti!
1362 2280 1496 2325 quam

129 2331 364 2387 indignum
395 2333 542 2389 specie
570 2341 647 2375 tua
668 2335 914 2391 ceterisque
932 2348 1045 2391 quae
1063 2322 1146 2376 tibi
1166 2335 1352 2392 propria
1373 2340 1493 2378 sunt!

139 2390 142 2395 ’
180 2407 184 2411 ’
239 2397 314 2439 Al.
329 2398 420 2456 Qui
437 2401 714 2456 potissimum
729 2410 772 2444 et
788 2417 1001 2458 quorsum
1014 2401 1134 2445 istud
1144 2402 1266 2454 dicis,
1282 2401 1460 2445 Socrate
1471 2405 1493 2445 ’ἓ

246 2465 317 2506 So.
374 2467 588 2525 Indignor
606 2477 681 2510 tua
704 2477 747 2511 et
765 2470 929 2512 amoris
951 2469 1042 2512 mei
1063 2472 1205 2511 causa.

239 2532 312 2580 Al·
367 2535 461 2577 Cni=
484 2536 661 2578 taudem
677 2537 699 2577 ?
956 2531 958 2534 ¹

242 2600 314 2642 So.
371 2601 418 2644 Si
448 2616 597 2644 censes
633 2611 856 2646 certamen
886 2603 968 2646 tibi
991 2620 1083 2647 esse
1107 2620 1210 2648 cum
1233 2603 1490 2648 hominibus

130 2665 205 2719 qni
223 2665 296 2708 hic
321 2676 563 2711 versantur.
